3066 4914
753 331 964 402 ..3ρῇ

286 507 498 594 despiciente,
532 508 586 594 qui
617 558 637 593 „
645 507 811 573 nobilitate
841 507 1059 572 contendere“
1088 507 1246 572 studeant.
1297 505 1368 573 Vid.
1397 506 1447 574 de

287 637 344 684 rer.
368 624 434 684 nat.
457 619 500 703 ll,
525 621 562 682 11
580 641 665 703 seqq.
690 621 722 682 et
743 618 784 682 cf.
808 640 837 681 v,
854 619 894 684 37
911 640 992 703 seq.:

557 735 627 808 „nil
642 737 750 821 nostro
762 735 793 792 in
809 751 932 808 corpore
947 753 1036 811 gazae

471 843 646 920 proficiunt,
667 863 764 920 neque
779 842 922 903 nobilitas
938 863 992 904 neo
1006 845 1102 920 gloria
1118 846 1203 922 regni
1211 847 1239 903 “.

439 949 491 1035 10)
513 951 611 1028 Περὶ
632 949 875 1028 ποιημάτων.

369 1056 559 1125 Plutarchus
575 1059 656 1142 (non
670 1079 765 1142 posse
781 1081 867 1122 suau
886 1059 946 1122 viv.
967 1059 1049 1136 1094
1060 1059 1104 1146 A)
1129 1060 1304 1124 secundum
1326 1061 1441 1126 lectio-

284 1193 358 1234 nem
385 1169 549 1256 vulgatam
577 1168 706 1234 exhibet
732 1169 805 1246 περὶ
831 1173 985 1247 ποιητῶν.
1040 1168 1187 1234 Genuina
1208 1193 1283 1234 vero
1313 1172 1439 1236 inveni-

284 1284 337 1344 tur
365 1279 449 1363 apud
471 1278 650 1344 Philodem.
675 1278 714 1342 de
736 1278 854 1343 rhetor.
900 1277 936 1343 Ο.
959 1279 998 1342 A.
1021 1279 1071 1342 IV
1092 1301 1167 1365 pag.
1191 1280 1233 1345 99
1254 1313 1296 1336 =
1320 1279 1378 1345 Ox.
1403 1281 1439 1344 II

284 1413 358 1476 pag.
377 1391 448 1455 107.
488 1388 522 1454 O.
540 1389 625 1456 A.V
649 1410 722 1474 pag.
740 1389 798 1453 38:
822 1389 1042 1468 Μητρόδωρος
1065 1390 1177 1476 ἐντῷ
1199 1393 1340 1478 πρώτῳ
1362 1395 1438 1473 περὶ

284 1502 470 1582 ποιημάτων
495 1497 660 1584 (Plutarch
682 1498 702 1562 l.
727 1521 758 1564 o:
781 1499 821 1564 ἐν
843 1504 930 1565 τοῖς
952 1521 984 1563 π,
1007 1499 1052 1584 π.)
1091 1499 1140 1565 Of.
1158 1499 1325 1584 Gomperz.
1350 1523 1433 1566 com-

284 1614 382 1674 ment.
415 1609 492 1692 „die
519 1607 783 1674 herculanischen
810 1608 952 1673 Rollcn“
986 1608 1020 1672 in
1049 1609 1319 1695 ephemeridibus,
1354 1633 1435 1695 quae

284 1719 502 1785 inscribuntur
523 1717 736 1803 „Zeitsehrift
763 1719 816 1782 fiir
843 1719 893 1782 die
922 1721 1032 1783 &steria
1063 1718 1237 1802 Gymnas.“
1258 1720 1339 1785 XVI
1359 1744 1436 1808 pag.

287 1831 350 1896 824
378 1851 442 1914 seq.
486 1827 536 1893 De
563 1832 752 1916 argumento
779 1828 844 1892 vid.
875 1851 954 1913 quae
983 1829 1022 1892 ad
1045 1828 1180 1894 Metrod.
1208 1830 1324 1916 fragm.
1346 1853 1437 1897 num.

284 1939 392 2005 XXXI
415 1939 649 2004 annotabimus.

367 2049 406 2115 In
428 2049 532 2134 primo
553 2049 648 2134 hujus
671 2049 775 2134 operis
797 2049 879 2114 libro
896 2039 1114 2115 Metrodorum
1138 2050 1358 2134 quaestionem
1381 2074 1435 2116 ex-

282 2162 432 2246 plicasse,
458 2163 566 2224 utrum
594 2181 645 2223 ars
673 2159 716 2223 sit
742 2159 849 2242 poesis
871 2182 986 2243 necne,
1015 2159 1220 2226 Philodemus
1250 2161 1271 2224 l.
1295 2183 1321 2226 c.
1345 2161 1436 2226 hisce

281 2272 403 2337 indicat
424 2271 543 2335 verbis:
567 2272 618 2336 καὶ
636 2271 855 2350 Μητρόδωρος
877 2271 913 2337 ἐν
935 2279 981 2356 τῷ
1003 2273 1123 2357 πρώτῳ
1145 2274 1220 2352 περὶ
1241 2273 1432 2352 ποιημάτων

281 2383 401 2448 ἱκανῶς
416 2383 519 2446 ἔοικεν
535 2380 768 2462 παρεμφαίνειν
790 2382 827 2445 τὸ
849 2380 907 2460 τὴν
923 2367 1107 2464 (οφιετικὴν
1132 2382 1301 2464 ῥητορικὴν
1316 2384 1434 2463 τέχνην

284 2493 457 2574 ὑπάρχειν·
481 2492 707 2570 διαλεγόμενος
728 2493 790 2570 γάρ
806 2491 888 2571 πρό(
902 2512 973 2557 τινα
988 2499 1054 2559 τῶν
1069 2494 1142 2571 περὶ
1162 2493 1340 2571 ποιήματα(
1362 2513 1434 2568 τυγ-

282 2603 497 2684 γεγραφότων
523 2650 595 2668 .....
606 2599 741 2684 (reliqua
768 2599 906 2684 desunt).
956 2599 1005 2665 De
1028 2604 1096 2666 arte
1119 2601 1336 2686 sophistarum
1363 2600 1433 2665 rhe-

282 2713 386 2777 torica
407 2711 476 2775 sine
500 2710 595 2774 dubio
617 2709 652 2773 in
668 2709 750 2774 libro
772 2709 810 2774 de
824 2710 915 2795 poesi
938 2711 1117 2795 composito
1132 2733 1199 2776 non
1221 2712 1432 2794 disseruisset,

281 2823 345 2886 nisi
367 2820 589 2904 disquisitione
605 2841 662 2884 sua
677 2841 714 2884 eo
731 2820 884 2888 adductus
906 2821 1030 2886 fuisset.
1069 2821 1119 2887 Of.
1137 2823 1260 2907 scriptt.
1277 2845 1364 2888 num.
1382 2823 1431 2887 14.

379 3015 412 3084 d)
430 3015 524 3071 Liber
541 3015 580 3070 at
596 3014 816 3084 philosophiae
834 3017 954 3084 partem
972 3017 1148 3074 οιιιιοιιίοοιιι
1164 3017 1338 3087 pertinens.

436 3152 490 3236 ll)
512 3152 611 3232 Περὶ
633 3153 860 3231 αἰεθήτεων.

365 3260 488 3326 Laudat
515 3259 598 3326 hanc
627 3262 835 3346 scriptionem
863 3261 1025 3348 Diogenes
1053 3263 1198 3328 Laertius
1226 3263 1273 3349 X,
1295 3264 1349 3328 24.
1388 3267 1427 3328 A.

282 3371 427 3436 Scottum
455 3371 707 3457 fragmentorum
736 3373 901 3437 columnas
923 3371 1015 3456 XXI,
1044 3395 1124 3456 quas
1145 3374 1180 3437 in
1203 3372 1237 3439 Ο.
1261 3374 1297 3439 P.
1320 3372 1382 3459 VI,
1409 3375 1429 3438 2

281 3480 393 3566 edidit,
421 3480 515 3565 hujus
538 3481 714 3547 Metrodori
741 3482 891 3567 reliquias
919 3482 1062 3566 duxisse,
1090 3483 1125 3548 in
1151 3485 1317 3568 prooemio
1347 3505 1428 3550 com-

280 3591 487 3656 mentationis
514 3596 644 3658 nostrae
670 3593 925 3658 memoravimus.
981 3592 1200 3658 Praemunivit
1226 3594 1354 3678 quidem
1381 3595 1429 3660 vir

281 3701 392 3766 doctus
425 3703 616 3788 fragmentis
649 3703 877 3769 commentario
913 3703 1077 3768 instructis
1110 3705 1428 3789 argumentationem,

280 3834 343 3895 qua
365 3835 453 3878 suam
482 3813 698 3899 descriptore
727 3815 943 3898 conjecturam
971 3813 1113 3897 fulciret,
1142 3814 1276 3900 argutiis
1299 3837 1428 3880 exorna

279 3925 354 3988 tarn.
393 3924 438 3988 At
458 3925 578 4008 ipsese
598 3923 851 4010 „divinatione“
873 3923 1008 4008 quadarn
1023 3923 1153 3988 titulum
1168 3925 1334 3990 refluxisse
1356 3947 1428 3992 cou-

279 4033 387 4097 fitetur
409 4033 444 4118 (ξ
467 4036 511 4120 5).
556 4034 723 4117 Ueterum,
753 4036 790 4097 ut
816 4034 927 4117 paucis
956 4033 1115 4098 diluamus
1138 4033 1241 4100 Scotti
1263 4057 1428 4122 argumen-

279 4143 435 4208 tationem
463 4145 625 4209 fallacem:
653 4144 757 4208 omnis
787 4143 958 4227 divinmio,
986 4142 1189 4227 studetur,
1216 4145 1256 4210 iis
1279 4148 1428 4212 evertitur

279 4253 401 4338 verbis,
437 4276 516 4338 quae
545 4254 603 4318 col.
636 4254 675 4318 15
701 4253 876 4337 reperimus
905 4253 944 4319 ad
972 4253 1175 4318 notissimum
1209 4255 1289 4320 illud
1316 4256 1427 4322 Erato·

280 4363 401 4428 sthenis
436 4365 624 4449 spectantia.
684 4362 766 4428 Sunt
798 4367 903 4427 autern
936 4364 1067 4429 haecce:
1113 4365 1237 4431 Βίωνος
1262 4371 1322 4433 τοῦ
1351 4370 1428 4433 κατὰ
