3066 4914
758 311 971 375 -16—·-

293 483 505 566 consequitur.
551 481 599 548 cf.
630 480 737 564 Baylii
769 479 911 544 Diction.
945 501 975 544 ν.
1003 479 1116 545 Leont.
1175 479 1265 556 Quod
1301 481 1465 566 gaudent

184 671 187 678 ‚
292 593 449 658 Weberus
465 591 651 678 (Elegische
662 590 797 656 Dichter
812 590 867 655 der
877 589 1048 654 Hellenen.
1064 589 1166 655 Erkft.
1184 589 1276 656 1826.
1292 613 1370 676 pag.
1386 593 1459 656 667

292 707 392 787 seqq.)
423 706 455 768 et
482 703 519 769 O.
543 701 583 767 D.
606 701 750 787 llgenius
779 700 958 786 (Opuscull.
981 685 1105 784 philoll.
1129 701 1145 766 Ι
1172 722 1246 786 pag.
1268 701 1348 786 256)
1380 700 1457 766 Mc-

291 813 422 898 nagium
445 815 629 898 sequentes,
651 810 739 875 dolet
760 813 867 876 tamen
889 810 985 874 simul
1006 809 1178 894 Weberus,
1201 809 1286 893 quod
1308 810 1385 875 aliis
1410 811 1455 876 de

292 923 394 987 causis
424 923 545 1007 specics
573 921 716 988 veritatis
739 921 832 985 desit.
878 919 1008 986 Scilicet
1034 919 1151 1003 ubique
1173 919 1344 984 Leontium
1367 920 1452 1004 Epi-

292 1055 385 1098 curea
417 1037 549 1098 vocatur
580 1033 734 1100 Λεόντιον
768 1033 973 1111 Ἐπικούρου,
1007 1033 1027 1110 ἡ
1054 1031 1294 1110 ,Ἐπικούρειος
1329 1053 1350 1096 1
1384 1052 1452 1114 qua

292 1145 440 1227 Myrtilus
462 1141 724 1229 deipnosophista
746 1141 845 1226 (apud
859 1141 978 1205 Athen.
999 1141 1019 1207 l.
1035 1140 1077 1225 c.)
1100 1143 1158 1220 τὴν
1180 1141 1448 1223 Ἔρμηειανὰκτοε

292 1255 446 1322 Λεόντιον
470 1275 617 1338 expresse
640 1253 820 1338 distinguit.
844 1249 908 1337 (of.
924 1250 964 1316 N.
981 1249 1093 1314 Bachii
1108 1248 1253 1315 Philotae
1269 1250 1337 1335 Coi,
1363 1251 1446 1316 Her-

292 1364 467 1429 mesiauact
467 1365 495 1428 is
518 1362 710 1447 Colophonii
732 1365 827 1446 atque
846 1359 1019 1426 Phanoclis
1041 1360 1166 1444 Reliqq.
1183 1360 1257 1425 Hal.
1270 1360 1341 1426 Sax.
1361 1361 1446 1426 1829

291 1496 363 1559 uus
380 1474 421 1539 93
437 1477 551 1560 seqq..)

376 1585 582 1655 Praeterea
572 1607 606 1648 1n
628 1583 836 1667 Alciphronis
865 1581 1002 1666 epistula
1024 1605 1120 1666 supra
1141 1586 1317 1648 memorata
1338 1583 1442 1648 Leon·

291 1695 373 1759 tium
395 1693 525 1778 Epicuri
553 1694 660 1779 puella
688 1692 854 1758 exhibetur
882 1693 1026 1756 nondum
1049 1694 1145 1778 longe
1168 1693 1256 1757 adult
1243 1696 1291 1776 ta,
1321 1694 1442 1778 viginti

292 1806 358 1870 fere
380 1827 482 1870 annos
497 1807 587 1888 nata,
611 1803 782 1886 eademque
804 1803 844 1868 ad
859 1803 1004 1867 levitates
1027 1804 1197 1867 amatorias
1211 1804 1327 1868 mirum
1343 1825 1441 1889 quan·

292 1919 361 1980 tum
382 1905 556 2000 propensa,
586 1917 698 1979 contra
719 1913 878 1999 Epicurus
901 1934 996 1976 senex
1025 1913 1085 1994 ἤδη
1113 1915 1209 1992 ἐγγὺς
1237 1915 1440 2007 ὀγδοήκοντα

292 2029 438 2104 γεγονὼς
465 2027 529 2106 ἔτη.
580 2025 668 2101 Quae
695 2027 781 2088 aetas
810 2022 952 2109 quamvis
980 2023 1091 2106 jocose
1119 2024 1254 2088 nimium
1281 2023 1438 2108 producta

293 2136 349 2219 sit,
371 2136 452 2200 tales
474 2139 582 2201 tamen
603 2136 782 2217 irrisiones,
811 2133 999 2219 praesertim
1022 2133 1049 2197 si
1071 2133 1251 2218 Alciphron
1274 2157 1313 2198 ex
1333 2135 1438 2218 poetis

292 2247 422 2311 comicis
454 2247 546 2330 jocos
582 2245 711 2331 repetiit
745 2244 886 2328 Epicuro
923 2243 1123 2328 aequalibus,
1160 2266 1265 2309 merae
1301 2244 1440 2310 fuissent

195 2401 196 2404 κ
293 2357 432 2440 ineptiae
454 2355 646 2440 philosopho
670 2359 807 2420 aetatem
829 2355 1069 2440 integerrimam
1091 2357 1216 2439 agente.
1254 2354 1324 2420 Nec
1339 2354 1439 2419 Leon-

292 2468 373 2530 tium
388 2467 490 2532 facete
511 2467 557 2530 ita
572 2467 660 2549 loqui
674 2469 815 2550 poterat,
837 2465 901 2529 nisi
915 2464 1056 2548 Epicuro
1080 2465 1194 2529 saltem
1209 2465 1439 2550 quinquaginta

293 2578 344 2641 vel
373 2578 539 2663 sexaginta
567 2598 669 2641 annos
696 2579 783 2640 nato.
828 2575 877 2640 Eo
906 2575 1001 2639 etiarn
1023 2575 1129 2640 minus
1157 2575 1232 2639 salis
1260 2576 1379 2640 inesset
1404 2576 1438 2638 in

292 2687 420 2751 Leontii
452 2687 599 2770 horrore,
628 2708 690 2770 quo
724 2687 827 2770 ipsam
862 2688 939 2748 natu
973 2687 1127 2769 majorem
1156 2706 1374 2774 censeremus,
1403 2686 1436 2748 in

293 2798 428 2882 triginta
455 2797 522 2861 fere
544 2811 645 2860 annos
668 2799 866 2881 vergentem.¹
907 2795 1168 2860 Hermesianacte
1197 2799 1303 2860 autem
1326 2818 1353 2860 1.
1376 2796 1437 2861 302

293 2929 331 2971 ex
353 2907 529 2972 Pausaniae
553 2907 736 2990 conjectura
757 2910 860 2970 morte
878 2907 946 2990 jam
968 2907 1137 2990 absumpto
1158 2905 1316 2990 Epicurus
1339 2927 1435 2970 annos

169 3082 171 3086 ,
294 3017 505 3102 quadraginta
527 3016 660 3100 adeptus
683 3019 759 3080 erat.
804 3015 898 3082 Unde
920 3018 982 3080 ista
1003 3017 1089 3082 fictio
1112 3017 1189 3082 satis
1211 3016 1361 3099 aperitur.

377 3126 499 3190 Habuit
521 3149 537 3191 1
559 3126 694 3192 Leontio
716 3131 809 3192 natos
825 3126 1025 3192 Metrodorus
1048 3128 1166 3192 liberos
1189 3126 1282 3211 duca,
1304 3149 1432 3210 puerum

293 3237 508 3321 puellamque,
532 3258 611 3321 quos
632 3238 840 3303 moribundus
862 3239 1003 3322 Epicuro
1026 3239 1155 3322 reliquit
1176 3237 1332 3320 infantes,
1355 3238 1433 3322 quod

294 3369 331 3412 ex
352 3347 485 3430 Epicuri
506 3350 698 3414 testamento
721 3372 740 3413 1
761 3347 908 3435 Diogene
930 3352 1054 3413 servato
1078 3346 1139 3432 (X,
1165 3348 1204 3412 16
1220 3350 1323 3435 seqq.)
1346 3347 1433 3412 disci·

293 3479 378 3538 mus,
401 3457 436 3520 in
450 3479 513 3541 quo
529 3459 656 3541 quidem
672 3463 793 3544 septem
813 3461 906 3525 annis
921 3462 996 3543 post
1010 3458 1186 3522 Metrodori
1208 3459 1331 3523 obitum
1352 3459 1432 3523 fecto

294 3589 397 3632 sermo
421 3572 470 3632 est
492 3568 530 3632 de
552 3570 619 3633 filio
643 3570 807 3636 educando
830 3573 862 3635 et
884 3569 923 3636 de
937 3570 1004 3634 filia
1024 3569 1167 3634 nondum
1190 3591 1292 3634 annos
1314 3569 1431 3634 nubiles

293 3682 446 3743 assecuta.
490 3678 539 3743 De
567 3680 681 3763 quibus
703 3679 878 3746 Metrodori
906 3681 1014 3745 liberis
1037 3679 1113 3764 quid
1140 3680 1342 3745 constituerit
1361 3679 1431 3763 Epi-

294 3775 401 3872 curus,
424 3791 568 3873 quamvis
590 3813 629 3856 cx
645 3794 839 3856 testamento
863 3791 939 3855 satis
961 3792 1081 3874 liqueat
1087 3837 1096 3874 ,
1118 3793 1227 3855 tamen
1247 3812 1315 3855 non
1337 3791 1431 3855 solum

293 3901 403 3965 amicis
431 3901 550 3966 ibidem
577 3903 775 3981 memoratis,
806 3901 995 3985 Timocrati,
1029 3901 1272 3984 Amynomacho
1301 3903 1334 3966 et
1358 3901 1430 3966 Her-

293 4011 422 4075 marcho
457 4012 585 4078 eosdem
617 4013 855 4078 commendasse
889 4012 1027 4076 videtur,
1047 4011 1229 4097 curandos,
1254 4011 1310 4076 sed
1343 4012 1430 4076 etiarn

293 4121 481 4206 Idomeneo,
510 4123 626 4188 sororis
649 4122 825 4188 Metrodori
846 4123 976 4205 marito,
1003 4121 1212 4186 moribundus
1234 4122 1375 4207 scripsit,
1399 4125 1431 4184 ut

239 4311 242 4316 .
293 4231 1511 4346 11111111111111111111111111111(1)113.Ι11111.Χ,22).(1111111111-1

293 4344 342 4407 lae
364 4347 488 4426 partem
510 4341 700 4427 Spengelius
723 4345 735 4428 (
742 4343 901 4428 Phrlolog
925 4343 946 4407 l.
969 4364 995 4407 c.
1017 4364 1090 4474 pag.
1112 4343 1196 4427 531)
1223 4343 1427 4426 fragmentum

1510 4577 1511 4710 1

1509 4721 1511 4892 1
