3066 4914
537 357 748 422 -51-

57 491 225 609 luptatbm
253 545 362 588 causas
394 546 463 588 esse
491 525 692 588 nasccntium
720 525 818 612 animi
846 524 1048 588 affectionum
1076 524 1214 608 cujusvis

58 636 192 720 generis
214 656 327 718 parurn
349 638 398 699 est
419 635 599 699 verisimile.
644 633 755 700 Cicero
777 634 836 700 hac
865 635 903 698 de
925 635 1111 718 quaestione
1132 633 1214 697 nihil

59 745 191 828 scribit,
222 744 320 809 immo
343 744 382 808 de
403 744 624 809 recordatione
645 745 740 808 modo
764 748 797 809 et
818 765 873 828 spe
896 729 1038 828 disputat
1059 746 1153 828 atque
1176 765 1214 806 cx
1299 755 1302 760 '
1379 732 1385 738 ⁵

59 854 205 938 Epicuro
235 855 372 939 quaerit,
408 854 484 938 quid
512 854 552 918 ad
580 875 695 938 corpus
724 854 841 918 referat
871 876 909 919 ex
937 853 1213 919 commendatione

61 965 239 1028 liberorum
254 963 445 1048 Metrodori,
468 986 580 1048 perse
603 964 733 1050 egregio
756 965 872 1030 officio.
909 962 982 1029 Vid.
1006 965 1044 1028 de
1059 964 1147 1028 finib.
1171 962 1213 1046 Π,

61 1076 119 1160 3ος
148 1075 180 1157 Ι,
207 1076 245 1139 17
262 1075 314 1139 all.
343 1073 441 1154 ¹Sine
468 1074 564 1139 dubio
597 1080 665 1139 rem
692 1095 759 1138 non
787 1075 865 1139 satis
894 1073 1007 1138 habuit
1034 1073 1213 1158 cognitam3

62 1207 178 1268 quare,
205 1184 360 1268 numquid
383 1183 461 1249 haec
483 1184 665 1269 fragmenta
687 1206 758 1249 cum
781 1183 912 1268 Epicuri
935 1185 1103 1248 sententiis
1126 1183 1213 1247 diffe-

62 1298 152 1378 rant,
189 1294 358 1360 decernere
392 1316 458 1358 non
491 1295 574 1359 licet.
634 1293 722 1358 Inter
749 1294 924 1378 Epicureos
958 1295 1028 1359 illa:
1065 1294 1214 1360 εὐςταθὲε

64 1407 261 1487 κατάςτημα,
299 1405 463 1470 εὐςτάθεια
492 1407 619 1488 ςαρκός,
657 1405 746 1471 ἐλπὶς
778 1405 897 1485 ἀγαθή,
935 1408 1069 1486 ἔλπιςμα
1101 1393 1212 1470 πιςτόν

65 1515 246 1600 similiaque
274 1514 430 1578 dabantur
459 1515 549 1598 quasi
576 1518 723 1579 tesserae.
781 1515 994 1592 Quamobrem
1029 1515 1213 1582 εὺςτάθειαν

65 1628 179 1706 ςαρκός
201 1624 362 1690 Plutarch.
387 1647 453 1688 san.
476 1625 708 1708 praec..1350
730 1628 824 1690 vocat
845 1627 1064 1707 ὑμνουμένην,
1095 1625 1213 1710 quippe

66 1735 118 1819 qui
140 1735 175 1798 in
197 1735 304 1818 libris,
333 1755 412 1819 quos
435 1734 627 1817 conscripsit
648 1735 797 1800 adversus
820 1736 1013 1819 Epicureos,
1037 1735 1213 1800 sexcenties

12 1831 14 1922 1
65 1844 119 1909 illa
140 1848 272 1929 usurpet
293 1844 447 1909 vocabula
469 1843 579 1908 eadem
602 1847 695 1946 atqpe
711 1845 860 1930 Epicurei
884 1845 1128 1931 significatione.
1163 1843 1211 1910 Of.

12 1923 14 1998 1
67 1955 163 2020 oum.
188 1955 278 2019 nux.
302 1954 459 2018 16411.
489 1953 569 2018 ceu.
592 1953 633 2019 11.
656 1956 696 2019 u.
721 1954 777 2038 111,
792 1954 822 2019 a.
867 1953 939 2018 vox
961 1955 1127 2021 εὐμάρεια
1148 1976 1213 2018 una

12 2067 14 2144 1
67 2087 135 2128 cnm
157 2064 341 2129 nominibus
365 2064 510 2150 cognatis
533 2065 685 2145 εὐςταθής
707 2068 740 2128 et
761 2065 925 2131 εὐςταθεῖν
948 2067 1022 2128 ante
1037 2063 1212 2147 Epicurum

12 2145 14 2286 1
68 2175 148 2258 apud
174 2178 288 2258 poetas.
320 2178 445 2262 tantum
466 2175 604 2258 ,proprie
638 2175 675 2238 de
708 2175 802 2238 rebus
836 2174 918 2239 bene
950 2175 1100 2240 stabilitis
1129 2175 1213 2240 dicta

12 2287 14 2382 λ
68 2285 240 2370 invenitur,
263 2284 319 2348 sed
341 2285 414 2349 inde
437 2285 478 2348 ab
499 2283 640 2368 Epicuro
661 2307 721 2348 usu
742 2285 959 2368 metaphorice
982 2286 1210 2368 frequentatur.

12 2419 14 2464 ι
68 2393 137 2459 Vid.
153 2393 271 2480 Phryn.
290 2395 395 2478 ibique
410 2391 547 2458 Lobeck.
564 2417 636 2480 pag.
655 2395 718 2459 282
733 2416 797 2478 seq.
822 2393 934 2458 Thom.
951 2392 1041 2492 Mag..
1053 2417 1126 2480 pag.
1139 2395 1211 2459 301.

12 2493 14 2590 1
70 2503 224 2569 Cleomed.
242 2504 320 2588 cycl.
336 2503 474 2568 theon?
496 2504 543 2569 ed.
559 2503 638 2569 Bak.
661 2528 734 2590 pag.
753 2505 829 2590 1073
851 2505 914 2569 427
931 2526 1016 2589 seqq.
1060 2506 1213 2584 Ἐλπιςμα

12 2591 14 2708 t
69 2636 182 2679 nomen
205 2615 375 2679 admodum
397 2636 503 2679 rarum
530 2614 583 2679 hic
604 2616 758 2700 primum,
786 2615 1006 2699 quodecim,
1035 2612 1211 2678 adhibitum

12 2719 14 2784 l
70 2746 104 2787 ac
124 2724 257 2791 fortasse
280 2725 320 2790 ab
341 2723 482 2808 Epicuro
505 2725 616 2791 fictum
639 2729 696 2792 cst.
742 2739 746 2746 ’

483 2888 484 2891 ‘
592 2905 682 2960 xm.

215 3021 376 3088 Plutarch.
399 3045 465 3087 non
485 3044 580 3107 posse
602 3046 687 3088 suav.
710 3024 771 3088 viv.
798 3023 879 3096 1098
895 3023 930 3088 0.

152 3135 206 3198 Καὶ
233 3134 330 3199 πάλιν
359 3135 424 3198 πού
453 3155 548 3215 φηςιν
571 3136 606 3199 ἐν
635 3135 746 3200 αὐτοῖς
773 3138 843 3199 τοῖς
869 3135 1134 3215 γράμμαςιν·’ὼς
1161 3139 1212 3200 καὶ
1229 3141 1235 3155 ”

72 3241 182 3322 ἐχάρην
209 3246 261 3309 καὶ
287 3243 522 3324 ἐθραςυνάμην,
556 3245 605 3310 ὅτι
633 3245 753 3323 ἔμαθον
780 3245 861 3323 παρ’
889 3244 1079 3323 Ἐπικούρου
1107 3244 1212 3324 ὀρθῶς

73 3355 173 3432 γαςτρὶ
194 3353 380 3433 χαρίζεςθαι.

12 3609 13 3620 ἶ
150 3531 322 3596 Antecedit
352 3531 466 3616 fragm.
495 3554 582 3596 num.
611 3531 706 3596 XVH
739 3553 777 3598 ex
803 3524 979 3595 Metrodori
1012 3523 1058 3595 ad'
1080 3531 1210 3595 fratrem

75 3638 209 3721 epistulis
232 3640 464 3725 depromptum.

596 3751 677 3808 XIV.

215 3870 378 3936 Plutarch.
402 3871 471 3935 adv.
495 3870 597 3936 Colot.
623 3872 702 3935 1117
718 3869 756 3934 B.
812 3915 820 3930 .

12 3985 13 4059 1
145 3979 232 4047 ΙἈλλ’
254 3982 342 4063 ὅμως
369 3981 388 4046 ὁ
411 3984 468 4061 μὲν
493 3981 711 4061 Μητρόδωρος
738 3981 796 4068 cdv
824 3981 986 4059 Τίμαρχον
1013 3982 1209 4058 παρακαλῶν

12 4075 13 4078 “
76 4108 153 4168 φηςι·
174 4092 364 4171 Ποιήςινμέν
380 4112 409 4157 τι
424 4093 524 4157 καλὸν
547 4091 598 4155 ἐπὶ
620 4094 745 4166 καλοῖς,
768 4091 913 4171 μονονοὺ
929 4071 1121 4154 καταδύντες
1141 4093 1210 4154 ταῖς

12 4240 14 4277 ι
77 4195 303 4274 ὁμοιοπαθείαις
325 4196 380 4266 καῖ
398 4201 636 4278 ἀπαλλαγέντες
657 4201 693 4265 ἐκ
709 4205 767 4265 τοῦ
790 4200 885 4281 χαμαὶ
908 4195 978 4278 β’ἱου
1001 4197 1045 4262 εἰς
1066 4201 1106 4263 τὰ
1128 4200 1208 4264 Ἐπι-

12 4383 13 4398 ῑ
77 4309 186 4388 κούραυ
209 4311 253 4376 ὡς
276 4310 404 4390 ἀληθῶς
427 4312 591 4392 θεόφαντα
613 4311 714 4390 ὄργια.

432 4445 836 4458 uu———u———n———k-—n

963 4492 1004 4546 4*
