3066 4914
583 359 624 369 -
669 323 709 385 63
752 359 793 368 -

1226 385 1354 444 ,λ’

101 496 161 557 δεῖ
186 495 223 557 δὲ
238 493 296 556 τὸν
318 491 422 557 αἰῶνα
444 491 552 570 μηκέτ’
567 490 665 555 εἶναι·
690 492 726 555 tt
747 493 784 555 δὲ
797 494 854 569 τῆς
876 490 990 570 αὔριον
1013 493 1073 558 οὐκ
1095 495 1142 560 ὢν
1157 497 1265 573 κύριοι

81 603 280 687 ἀναβάλλῃ
308 602 365 667 τὸν
393 601 521 679 καιρόν·
549 601 627 664 ote
649 601 780 666 πάντων
812 601 879 680 βία(
901 604 1069 687 μελληεμῷ
1097 607 1264 683 παραπόλ-

103 718 205 777 λυται
234 714 285 777 καὶ
317 713 369 776 διὰ
395 715 493 774 τοῦτο
523 711 652 777 exacto<
680 711 771 791 ἡμῶν
794 710 1034 791 ἀεχολούμενοε
1062 713 1262 794 ἀποθνήεκει·

103 821 207 885 Adde
230 819 327 905 Diog.
350 818 454 883 Laert.
479 817 523 902 X,
546 819 604 884 65:
635 821 796 899 λυομένου
819 824 878 884 τοῦ
900 818 982 885 ὅλον
1010 821 1221 902 repercusso<
1243 826 1262 903 ἡ

105 933 202 1018 ψυχὴ
226 932 445 1009 διαεπείρεται.
475 928 599 992 Lucret.
623 929 661 992 de
677 949 736 993 rer.
759 932 824 992 nat.
840 928 899 1011 ΙΙΙ,
916 928 978 992 952
994 951 1058 1013 seq.
1086 931 1262 997 Philodem.

106 1041 150 1103 de
175 1040 223 1133 ira
247 1040 305 1103 col.
322 1040 378 1102 43:
407 1041 456 1103 καὶ
478 1040 574 1119 φύειν
598 1041 738 1104 θανάτου
759 1077 803 1085 -
824 1039 861 1118 ἦε
884 1077 924 1085 -
947 1044 1010 1105 πᾶ(
1031 1040 1116 1106 ὅλως
1139 1042 1263 1122 ἄνθρω-

106 1172 175 1216 πο(
192 1151 388 1231 μετὲεχηκεν.
419 1147 468 1213 Of.
485 1147 595 1212 Zeller.
613 1146 733 1211 Philos.
750 1134 862 1213 Graec.
878 1146 938 1232 III,
957 1151 969 1210 1
989 1171 1061 1234 pag.
1077 1149 1140 1214 254
1155 1151 1202 1214 ed.
1219 1151 1261 1216 Π.

106 1257 298 1322 Buecheler.
324 1257 510 1340 Gonjectau.
535 1257 634 1321 critic.
657 1258 691 1320 in
714 1257 905 1340 ephemerid.
930 1279 959 1341 q.
977 1259 1106 1323 inscrib.
1131 1259 1260 1324 Rheini-

108 1371 207 1432 sches
228 1367 390 1450 Museum,
416 1367 506 1432 1860.
543 1366 584 1433 N.
608 1367 643 1432 F.
667 1365 729 1431 XV
749 1389 823 1452 pag.
841 1366 913 1430 291.

199 1477 302 1541 Locus
323 1477 376 1540 hic
399 1479 448 1541 est
466 1477 639 1562 fragmenti
661 1476 699 1539 de
714 1480 816 1540 morte
839 1477 1068 1562 subjungendi,
1092 1480 1176 1563 quod
1192 1479 1261 1544 Sto-

109 1589 212 1652 baeus
235 1587 328 1652 floril.
354 1588 429 1671 118,
452 1588 493 1652 33
515 1586 700 1651 Metrodoro
730 1587 891 1669 ascripsit:
928 1591 1011 1668 apoc
1033 1591 1091 1669 μὲν
1112 1592 1152 1655 τὰ
1181 1589 1263 1656 ἄλλα

110 1701 255 1764 δυνατὸν
282 1698 461 1779 ἀεφάλειαν
489 1697 689 1780 contractor,
723 1698 815 1777 χάριν
839 1701 874 1763 δὲ
895 1699 1036 1764 θανάτου
1058 1700 1178 1765 πάντες
1206 1701 1261 1766 ἄν·

111 1815 239 1888 θοωποῑ
261 1810 357 1873 πόλιν
380 1807 556 1887 ἀτείχιετον
580 1808 738 1887 οἰκοῦμεν.
785 1804 942 1880 Quoniam
969 1812 1075 1872 autem
1103 1808 1262 1872 Maximus

112 1917 287 1982 Confessor
314 1918 415 2002 eclog.
444 1915 490 1999 II,
512 1916 573 1980 627
607 1916 691 1979 idem
719 1914 937 2000 fragmentum
965 1917 1104 2001 Epicuro
1138 1919 1260 2002 tribuit,

112 2027 153 2091 de
175 2031 303 2091 auctore
326 2026 413 2090 dubii
428 2025 604 2090 haeremus.
635 2024 749 2108 Neque
764 2024 969 2090 Philodemus
991 2026 1065 2090 huic
1083 2029 1260 2110 quaestioni

113 2138 217 2200 lucem
244 2137 352 2219 affert,
380 2136 457 2202 licet
484 2136 564 2200 illud
591 2135 710 2198 dictum
739 2134 877 2199 orationi
899 2137 1069 2200 inseruerit
1096 2135 1135 2202 de
1157 2141 1260 2201 morte
1390 2125 1393 2134 ¹

113 2245 174 2309 eol.
200 2247 254 2310 19:
287 2249 436 2330 (πάλντεε
463 2245 797 2332 γ(ὰρ)ατί[ἳ](χιε)τον
826 2244 1061 2331 (πόλινλπρὸε
1088 2248 1260 2331 θά(ν)ατον

114 2357 303 2442 oisonem.
963 2393 966 2398 ¹

151 2577 188 2643 G.
234 2577 450 2659 Fragmenta
473 2577 585 2643 variis
606 2579 831 2658 argumentis
853 2577 953 2643 inter
974 2595 1011 2643 se
1033 2575 1225 2660 disjuncta.

643 2731 744 2785 XXX·

267 2834 339 2899 Seu.
363 2834 455 2918 epist.
478 2831 623 2914 LXXIX,
648 2832 697 2897 14.

199 2943 269 3008 Ηοα
297 2943 498 3007 Metrodorus
532 2963 656 3026 quoque
686 2942 726 3006 >in
753 2942 888 3027 quadam
917 2941 1053 3026 epistula
1083 2943 1260 3028 confitetur,

8 3047 9 3088 3
115 3076 148 3118 se
171 3055 204 3118 et
224 3053 399 3138 Epicurum
421 3075 488 3116 uon
510 3053 587 3116 satis
610 3052 777 3134 enituisse,
802 3053 858 3117 sed
879 3057 955 3137 post
976 3076 1009 3117 se
1032 3056 1064 3117 et
1086 3053 1260 3138 Epicurum

114 3185 266 3248 magnum
280 3167 490 3248 paratumque
504 3185 623 3228 nomen
638 3161 803 3226 habituros
824 3163 908 3246 apud
923 3185 993 3248 eoS,
1016 3164 1069 3248 qui
1087 3164 1261 3229 voluissent

114 3299 170 3360 per
193 3275 301 3341 eadem
324 3275 370 3339 ire
392 3274 537 3359 vestigia.

199 3462 286 3547 Optt.
311 3461 402 3526 codd.
419 3462 586 3544 praestant
607 3509 626 3544 „
634 3460 787 3542 enituisse
795 3463 824 3544 “,
847 3460 902 3524 alii
924 3460 1090 3525 emicuisse
1112 3461 1164 3525 vel
1186 3462 1259 3525 emi·

115 3573 230 3638 nuisse.
281 3571 408 3655 Lipsius
441 3593 500 3655 pro
529 3571 729 3656 „peratum“
762 3570 915 3655 proponit
942 3573 1152 3654 „pacatum“,
1188 3570 1210 3634 i.
1233 3591 1259 3635 e.

116 3685 203 3748 extra
226 3680 403 3746 calumnias
424 3684 456 3745 et
477 3680 736 3745 detrectationes.

199 3790 406 3856 Antecedunt
426 3790 500 3854 huie
519 3790 590 3855 loco
613 3790 709 3854 verba
723 3790 855 3875 Epicuri
878 3789 1034 3856 aSeneca
1055 3791 1100 3854 ita
1122 3792 1259 3853 servata:

45 3925 48 3932 ⁴
117 3903 245 3987 „Multis
268 3902 375 3984 itaque
393 3902 461 3985 jam
485 3901 577 3964 annis
602 3899 786 3964 Metrodoro
809 3922 866 3966 suo
888 3902 1048 3985 superstes
1069 3901 1104 3965 in
1126 3898 1260 3983 quadam

116 4012 264 4097 epistula,
293 4032 366 4075 cum
388 4011 561 4075 amicitiam
584 4032 673 4074 suam
701 4013 734 4074 et
754 4010 930 4076 Metrodori
956 4014 1049 4098 grata
1071 4031 1258 4076 commemo-

116 4123 238 4187 ratione
260 4121 444 4204 cecinisset,
467 4120 529 4185 hoc
550 4121 724 4186 novissime
746 4121 877 4205 adjecit:
898 4120 991 4187 Nihil
1013 4122 1074 4186 sibi
1096 4123 1129 4185 et
1142 4121 1259 4184 Metro-

116 4233 191 4297 doro
213 4232 297 4296 inter
311 4232 397 4295 bona
411 4234 503 4296 tanta
517 4231 679 4314 nocuisse,
703 4231 786 4315 quod
808 4232 895 4316 ipsos
917 4232 973 4296 illa
993 4232 1111 4297 nobilis
1127 4231 1260 4296 Graecia

116 4364 179 4408 non
200 4344 328 4429 ignotos
350 4342 454 4407 solum
476 4342 655 4426 habuisset,
678 4342 733 4406 sed
755 4364 856 4427 paene
878 4342 1074 4409 inauditos“.
