3066 4914
534 359 775 428 .—47-

94 527 226 594 τούτοις
255 525 448 610 (doloribus)
478 527 516 592 τὸ
544 527 624 591 κατὰ
652 529 759 606 ψυχὴν
788 529 903 606 χαῖρον
932 527 986 591 ἐπὶ
1006 534 1044 612 τῇ
1067 530 1134 593 τῶν
1155 549 1247 605 γεγο-

93 639 202 702 νότων
226 637 300 715 ἡμῖν
323 638 536 715 διαλογιςμῶν
559 637 671 720 μνήμῃ.
715 633 785 699 Nec
806 634 1007 699 Metrodorus
1034 636 1118 700 idem
1145 637 1246 702 sensit

95 767 134 809 ac
154 744 335 828 Torquatus
357 767 407 828 ap.
433 744 498 810 Cic.
523 744 562 808 de
583 745 671 808 finib.
693 744 719 830 Ι,
745 745 793 829 10,
809 745 865 809 32:
887 745 1020 829 „Neque
1041 768 1138 830 porro
1160 746 1244 828 quis-

35 939 39 946 ·
96 877 191 938 quam
221 857 283 938 est,
312 855 367 938 qui
390 853 533 918 dolorem
555 854 677 938 ipsum,
708 855 793 938 quod
819 855 911 918 dolor
933 855 990 937 sit,
1018 859 1104 920 amet
1125 894 1167 904 -
1189 855 1242 919 sed

96 965 172 1049 quia
197 985 427 1048 nonnunquam
461 964 618 1047 ejusmodi
644 967 790 1048 tempora
817 963 978 1048 incidunt,
1014 967 1050 1029 ut
1076 965 1185 1029 labore
1213 971 1245 1028 et

97 1074 206 1138 dolore
234 1095 385 1159 magnam
413 1073 550 1157 aliquam
579 1077 710 1158 quaerat
736 1074 961 1158 voluptatem“
983 1077 1056 1138 cett.
1086 1076 1142 1139 aut
1168 1074 1244 1158 Epi-

98 1205 191 1248 curus
222 1183 307 1267 apud
334 1183 513 1268 Diogenem
540 1183 586 1266 X,
616 1184 691 1248 129:
735 1185 877 1263 καθάπερ
904 1186 956 1250 καὶ
983 1183 1133 1264 ἀλγηδὼν
1160 1188 1244 1250 πᾶςα

97 1297 193 1377 κακὴ,
221 1295 262 1360 οὐ
290 1297 374 1359 ιτᾶςα
402 1295 429 1362 δ’
459 1294 509 1359 ἀεὶ
535 1297 655 1375 φευκτὴ
684 1299 845 1376 πεφυκυῖα
874 1297 906 1357 et
932 1294 1039 1377 paullo
1069 1295 1156 1358 ante:
1193 1297 1245 1360 καὶ
1298 1355 1305 1367 ,

98 1407 222 1470 πολλὰς
244 1404 425 1482 ἀλγηδόνας
446 1405 577 1482 ἡδονῶν
592 1403 753 1482 κρείττους
773 1404 959 1485 νομίζομεν,
982 1404 1113 1469 ἐπειδὰν
1129 1407 1243 1483 μείζων

98 1516 171 1594 ἡμῖν
199 1517 301 1595 ἡδονὴ
330 1517 557 1597 παρακολουθῇ
579 1514 685 1579 πολὺν
707 1515 828 1593 χρόνον
853 1514 1039 1593 ὑπομείναςι
1060 1516 1118 1578 τὰς
1146 1512 1242 1594 ἀλγη-

97 1625 204 1691 δόνας.
258 1622 320 1688 Sed
346 1623 470 1706 potius,
498 1644 560 1707 qua
585 1622 709 1686 ratione
738 1623 939 1688 Metrodorus
967 1645 986 1686 a
1014 1621 1168 1707 magistro
1197 1623 1243 1686 di·

8 1811 9 1814 *
97 1755 223 1818 gressus
252 1733 308 1816 sit,
338 1755 376 1796 ex
403 1733 482 1797 locis
511 1731 645 1802 laudatis
675 1733 751 1796 satis
779 1734 920 1816 apparet.
971 1711 1070 1795 Hicce
1099 1733 1185 1796 enirn
1212 1739 1244 1796 et

96 1844 269 1908 nonnullos
293 1843 417 1906 dolores
439 1845 569 1925 propter
591 1836 793 1926 insequentes
816 1843 951 1925 majores
973 1842 1153 1925 voluptates
1173 1863 1242 1925 per-

8 1953 9 1990 ³
96 1955 263 2038 patiendos
295 1952 408 2042 statuit
435 1954 467 2016 et
494 1953 676 2034 praesentes
704 1952 829 2016 dolores
864 1973 936 2016 oum
964 1952 1128 2035 voluptate
1159 1939 1243 2017 corri-

8 2035 10 2130 i
96 2064 224 2148 pensari
245 2063 347 2154 voluit
368 2084 406 2126 ex
428 2061 582 2126 memoria
602 2063 845 2146 praeteritarum
866 2063 961 2126 simul
984 2083 1056 2126 cum
1079 2083 1135 2144 spe
1156 2061 1240 2125 futu·

8 2231 9 2234 ,
96 2197 202 2239 rarum
235 2173 382 2257 repetita.
433 2171 634 2236 Metrodorus
666 2193 742 2236 vero
776 2194 813 2236 ex
841 2172 941 2256 ipsius
969 2172 1117 2236 tristitiae
1152 2170 1243 2255 quasi

8 2283 9 2358 l
97 2285 208 2349 loculis
231 2282 427 2348 absconditis
450 2282 609 2366 depromit
629 2282 841 2366 voluptatem,
864 2303 933 2346 eam
955 2281 1092 2346 maxime
1115 2281 1242 2365 quidem

8 2429 9 2466 ι
99 2395 261 2480 exiguam,
285 2396 442 2475 attamen,
465 2413 545 2476 quae
568 2391 687 2476 aliquid
710 2393 822 2474 afferat
836 2392 959 2478 solatii,
981 2392 1136 2455 idoneam.
1173 2391 1242 2466 Quo

99 2505 167 2588 quis
189 2507 238 2569 est
260 2501 464 2586 philosophia
486 2501 653 2585 eruditior,
678 2523 714 2566 eo
730 2502 855 2566 facilius
877 2501 1074 2584 voluptatem
1095 2500 1244 2564 tristitiae

8 2669 9 2672 ,
101 2614 236 2698 cujusvis
252 2613 379 2698 generis
402 2612 544 2675 innatam
560 2611 688 2694 reperit.
719 2611 906 2688 Talimodo
928 2611 1145 2696 fragmentum
1159 2612 1244 2674 recte

100 2724 251 2810 intelligi,
274 2745 313 2786 ex
335 2723 405 2806 ipsa
427 2722 565 2787 Senecae
587 2721 780 2786 refutatione
802 2723 918 2786 elucet:
946 2720 1051 2805 „Quid
1073 2711 1158 2784 enim
1179 2723 1244 2784 tur·

101 2835 184 2918 pius,
219 2855 314 2917 qnam
337 2835 464 2916 captare
486 2832 521 2895 in
543 2832 613 2915 ipso
636 2830 723 2896 luctu
752 2831 997 2915 voluptatem?“
1029 2868 1071 2877 -
1102 2830 1243 2915 „Utrum

101 2949 147 3008 est
174 2981 215 2992 -
244 2943 446 3006 inhumanius
452 2990 477 3035 ,ι
495 2961 562 3013 non
591 2942 708 3006 sentire
738 2942 855 3006 amisso
885 2941 987 3005 amico
1016 2939 1174 3024 dolorem,
1202 2927 1244 3003 an

102 3055 295 3138 voluptatem
323 3053 357 3117 in
384 3053 455 3136 ipso
477 3052 587 3117 dolore
609 3051 810 3136 aucupari?“
842 3089 880 3099 -
909 3051 1053 3135 „Utrum
1075 3050 1246 3114 honestius¹

102 3163 188 3228 dolor
210 3165 251 3228 ab
273 3163 380 3227 animo
403 3163 622 3246 submovetur,
654 3183 695 3226 an
716 3163 861 3242 voluptas
890 3161 930 3225 ad
952 3161 1095 3225 dolorem
1117 3181 1243 3244 quoque

103 3273 298 3339 admittitur?
314 3273 505 3337 Admittitur
521 3271 614 3336 dico?
631 3274 791 3356 captatur,
807 3271 980 3355 etquidem
996 3293 1035 3334 ex
1050 3271 1151 3354 ipso“.
1167 3272 1242 3333 cett.

640 3457 691 3514 VI·
712 3459 716 3465 .

248 3595 408 3662 Plutarch.
431 3616 499 3660 non
519 3615 613 3679 posse
635 3615 721 3658 suav.
744 3594 805 3658 viv.
830 3593 912 3660 1098
927 3593 968 3658 D.

185 3718 241 3783 Καὶ
268 3717 364 3783 πάλιν
392 3716 457 3781 πού
485 3735 580 3797 φηςιν
613 3713 649 3780 ἐν
677 3716 747 3779 τοῖς
780 3713 890 3778 αὐτοῖς
918 3713 1094 3795 γράμμαειν
1123 3751 1166 3762 -
1193 3717 1245 3779 καὶ

102 3828 194 3910 ,περὶ
214 3828 357 3906 γαςτέρα·
371 3827 433 3905 γὰρ
440 3873 450 3908 ,
474 3827 501 3890 ὡ
524 3824 699 3906 φυςιολόγε
721 3824 928 3905 Τιμόκρατες,
951 3825 988 3888 τὸ
1012 3823 1168 3901 ἀγαθόνίῑ.

108 4079 114 4094 ·
182 4047 382 4122 Φυςιολόγος
397 4047 460 4129 est,
483 4045 537 4129 qui
552 4065 658 4109 rerum
672 4046 820 4108 naturam
837 4042 982 4126 exquirit.
1020 4041 1091 4108 Vox
1104 4042 1243 4126 primum

103 4153 140 4218 eb
153 4155 328 4220 Aristotele
351 4158 502 4238 usurpata
523 4155 563 4218 de
586 4155 682 4218 anim.
705 4153 769 4238 111,
784 4153 819 4238 23
841 4151 984 4236 metaph.
1007 4151 1034 4235 Ι,
1049 4152 1085 4236 5;
1109 4151 1147 4215 de
1169 4173 1243 4237 gen.

103 4265 196 4330 anim.
219 4265 251 4348 Ι,
276 4267 303 4330 1.
348 4264 496 4331 Ceterum
517 4264 736 4330 Metrodorum
762 4263 797 4326 in
826 4262 954 4326 modum
981 4261 1128 4346 magistri
1155 4283 1243 4328 usur-

103 4397 190 4458 passe
211 4377 282 4457 lepd
304 4377 590 4457 ἀνακρανγάςματα
612 4374 747 4459 (ΟΙοοιιι.
764 4373 865 4437 theor.
882 4371 961 4455 cycl.
978 4370 1023 4455 ΙΙ,
1041 4373 1123 4436 lfin.
1146 4371 1243 4457 Diog.
