3066 4914
542 357 752 419 ...11-

50 524 274 589 Metrodorus
297 519 449 608 mairima,
472 525 662 610 magistrum
684 547 835 610 sequens,
858 527 921 612 qui,
945 527 1136 613 discipulum
1159 531 1220 595 sibi

51 637 285 720 postponens,
311 635 469 719 gloriatur
497 634 599 720 (Sem
613 636 705 720 epist.
728 635 876 724 XVIII),
904 659 971 702 non
997 642 1066 703 toto
1094 661 1164 705 asse
1186 663 1220 704 se

52 745 169 831 pasci3
195 743 429 827 Metrodorum,
446 745 506 828 ,qui
528 745 672 810 nondum
694 749 819 811 tantum
839 749 1027 832 profecerit,
1049 751 1129 814 toto.
1168 749 1216 816 Of.

54 855 163 942 Diog.
189 855 293 920 haert.
314 853 359 939 X,
383 856 442 919 131
465 877 530 939 seq.
560 855 648 920 Stob.
670 857 764 922 floril.
788 857 896 940 XVII,
918 861 970 923 34.
1008 857 1080 924 Seu.
1103 860 1141 923 de
1162 861 1218 924 vit.

55 967 148 1030 beat.
168 967 218 1030 12.
226 966 265 1030 al.
295 965 465 1030 Praeterea
479 965 682 1031 Philodemus
698 966 736 1032 de
751 969 822 1032 vitt.
838 969 923 1033 virtt.
941 990 1051 1053 oppos.
1069 969 1103 1035 C.
1110 970 1145 1034 P.
1155 970 1214 1034 ΙΙΙ.
1311 1023 1313 1030 s

59 1077 124 1141 col.
142 1077 188 1140 27
211 1075 430 1141 Metrodorum
458 1079 530 1156 περὶ
552 1078 737 1158 οἰκονομία(
765 1078 929 1162 scripsisse
957 1081 1092 1142 testatus
1114 1079 1218 1145 addit:

60 1190 116 1252 καὶ
139 1191 250 1252 ποιῶν
273 1187 378 1252 αὐτόε.

152 1295 249 1362 Unde
272 1295 492 1381 dijudicanda,
515 1319 595 1380 quae
610 1297 806 1391 Timocrates
829 1298 957 1364 scholae
972 1299 1147 1384 Epicureae
1164 1302 1219 1365 ob·

59 1407 143 1490 jecit
174 1405 286 1491 (Diog.
310 1405 413 1472 baert.
436 1406 483 1489 X,
511 1407 539 1472 6.
563 1409 613 1494 7),
649 1420 795 1492 quaeque
821 1409 859 1472 de
887 1409 963 1494 gula
989 1407 1219 1494 Epicureorum
1322 1392 1325 1397 ¹

62 1517 375 1582 circumferebantur
401 1519 521 1602 partim
550 1518 623 1583 odio
646 1514 809 1601 conficta,
825 1519 943 1604 partim
971 1519 1064 1584 dictis
1093 1520 1220 1603 quibus-

63 1628 141 1692 dam
157 1627 292 1711 Epicuri
307 1629 341 1690 et
353 1627 530 1693 Metrodori
542 1629 566 1713 Θ)
590 1650 680 1694 secus
702 1629 874 1694 intellectis
897 1630 1042 1694 excitata.
1082 1629 1131 1694 De
1153 1653 1219 1695 mo·
1286 1649 1288 1654 ·

63 1739 156 1802 ribus
180 1759 256 1802 vero
279 1737 427 1821 discipuli
449 1739 482 1802 in
501 1738 685 1804 uuiversum
707 1739 928 1804 testimonium
950 1741 1051 1824 ipsius
1073 1740 1220 1824 magistri

64 1848 224 1913 hahemus¹
247 1848 408 1932 exprimo
431 1848 570 1932 quinque
593 1849 763 1934 librorum,
787 1872 865 1934 quos
881 1850 920 1914 de
936 1830 1120 1915 Metrodoro
1144 1852 1220 1915 scri·

65 1961 150 2043 psit,
175 1957 305 2044 aDiog.
322 1955 425 2022 Lacrt.
443 1957 481 2042 X,
497 1959 539 2024 23
562 1959 739 2024 laudatum:
762 1962 802 2041 ἧν
824 1962 860 2026 δὲ
880 1961 1121 2041 ἀκατάπληκτοτ
1137 1962 1218 2041 πρότ

65 2091 101 2136 τε
130 2071 189 2136 τὰ(
217 2070 363 2148 ὀχλήεειτ
384 2071 436 2135 καὶ
457 2069 515 2137 τὸν
538 2070 698 2150 θάνατον,
727 2071 777 2135 cui
799 2070 883 2135 idem
905 2072 982 2153 §23
1004 2071 1048 2136 in.
1078 2093 1116 2135 ex
1147 2071 1219 2135 aliis

67 2179 202 2265 Epicuri
229 2178 319 2242 libris
347 2178 450 2243 addit:
478 2176 594 2257 γέγονε
622 2183 657 2249 δὲ
680 2181 800 2258 ἀγαθδτ
828 2184 908 2248 κατὰ
935 2183 1051 2248 πάντα.
1095 2165 1217 2257 Quibus

68 2290 175 2355 verbis
198 2289 352 2374 magister
373 2311 483 2354 verum
505 2311 597 2354 suum
619 2291 756 2354 amicum
778 2292 955 2375 sapientem
977 2291 1076 2356 fuisse
1098 2291 1217 2356 indica-

70 2401 133 2483 vit,
157 2421 251 2483 quern
274 2399 370 2464 etiam
393 2400 569 2484 sapientem
591 2401 764 2485 appellavit
784 2404 868 2465 teste
891 2400 1046 2467 Cicerone
1068 2401 1107 2465 de
1129 2401 1215 2466 finib.

71 2511 113 2593 II,
133 2513 163 2593 3,
185 2512 214 2575 7.
259 2509 342 2575 Sane
363 2509 528 2574 habuisset
549 2510 674 2594 CicerO,
697 2511 782 2595 quod
804 2511 937 2595 rideret,
966 2511 993 2575 si
1015 2509 1218 2575 Metrodorus

73 2644 106 2685 se
128 2622 197 2705 ipse
219 2619 396 2705 sapientem
419 2620 626 2704 declarasset,
650 2622 780 2686 minime
795 2625 904 2686 tamen
919 2621 1046 2704 habuit,
1069 2623 1143 2705 quia
1165 2621 1219 2686 illc

18 2773 19 2778 κ
73 2730 258 2816 „repudiare
280 2733 406 2796 tautum
428 2731 638 2798 beneficium“
659 2732 806 2797 noluerit.

157 2841 308 2906 Testatur
333 2862 429 2925 porro
456 2841 615 2906 Lucienus
642 2843 733 2908 Alex.
760 2843 814 2926 17,
842 2864 906 2908 una
932 2862 1004 2906 curn
1033 2839 1218 2905 Democrito

76 2954 108 3015 et
127 2950 266 3034 Epicuro
296 2951 392 3016 etiam
415 2951 634 3017 Metrodorum
662 2953 702 3017 ab
725 2952 813 3016 omui
834 2946 952 3037 genere
983 2950 1218 3034 superstitionis

77 3059 322 3145 opinionumque
343 3061 448 3126 inanis
464 3063 630 3148 religionis
645 3062 939 3128 commenticiarum
961 3061 1096 3125 liberum
1111 3059 1219 3144 fuisse,
1323 3135 1326 3140 ¹

78 3193 130 3236 eos
151 3171 368 3254 ἀδαμαντίνην
390 3175 472 3252 πρὸ(
494 3178 593 3239 ταῦτα
614 3176 672 3254 τὴν
694 3175 825 3254 γνώμην
853 3172 998 3256 professo
1022 3193 1090 3235 esse
1113 3170 1219 3234 existi·

80 3303 174 3346 maus,
218 3281 330 3365 Neque
352 3281 443 3365 parvi
464 3281 649 3346 faciundum
671 3282 764 3365 illud,
793 3281 878 3365 quod
900 3279 1108 3362 Plutarchus,
1138 3283 1170 3342 et
1192 3280 1219 3342 is

81 3390 201 3476 quidem
216 3389 349 3474 inultus,
371 3391 485 3476 tradit,
509 3394 703 3477 exemplum,
721 3391 898 3456 Metrodori
912 3391 1054 3454 animum
1070 3389 1219 3454 adversus

82 3501 214 3586 pericula
235 3502 351 3567 fortem
374 3485 550 3568 ostentans.
594 3502 782 3586 Reperimus
805 3501 890 3566 enim
913 3501 993 3586 (uon
1015 3522 1110 3584 posse
1133 3523 1219 3564 suav.

82 3605 138 3677 viv.
162 3612 286 3678 1097ss
309 3613 356 3677 ed.
381 3611 713 3698 Duebner.)'haecce:
743 3613 814 3686 οἵας
842 3613 957 3695 φωνάε
984 3611 1109 3694 ἀφῆκεν
1138 3612 1218 3676 Ἐπί-

83 3745 207 3804 κουρος,
236 3723 290 3788 οἶα
318 3725 353 3789 δὲ
375 3723 542 3805 γράμματα
569 3728 639 3790 τοῖε
666 3726 774 3806 φίλοι(
803 3724 947 3804 ἔπεμψεν
971 3723 1082 3802 ὑμνῶν
1106 3743 1140 3786 τε
1168 3723 1220 3787 καὶ

85 3835 264 3914 μεγαλύνων
288 3834 526 3914 Μητρόδωρον,
549 3834 593 3900 ibt
615 3835 679 3918 „ed
694 3855 729 3900 τε
747 3835 798 3899 καὶ
812 3833 996 3901 νεανικῶε“
1020 3831 1220 3916 (senescebat

85 3943 174 4028 igitur
194 3943 409 4028 Metrodorus)
439 3945 471 4012 ἐξ
499 3944 619 4010 ἄετεωτ
647 3945 746 4010 ἅλαδε
775 3945 889 4026 κατέβη
914 3944 1025 4026 Μίθρῳ
1053 3948 1099 4028 τῷ
1128 3942 1219 4026 (ύριμ

87 4055 251 4136 βοηθήεων.
300 4053 373 4118 Huc
401 4054 515 4118 iterum
538 4053 701 4119 Plutarchi
730 4054 857 4118 deflexit
884 4053 986 4117 oratio
1014 4051 1083 4116 adv.
1113 4051 1218 4116 Oolot.

89 4163 161 4228 1126
174 4162 211 4228 Ε.
227 4161 267 4228 E:
291 4164 392 4230 καίτοι
414 4164 463 4231 δ’τι
481 4165 700 4246 Μητρόδωρος
723 4164 766 4232 εἰ(
780 4167 915 4246 Πειραιᾶ
937 4164 1051 4244 κατέβη
1074 4161 1219 4228 εταδίονε

91 4321 280 4331 -ι--ιιι--ιι-

149 4402 166 4467 ⁸)
183 4399 246 4455 Vid.
264 4400 383 4458 Metrod.
401 4401 530 4471 fragmm.
548 4419 623 4455 num.
635 4399 674 4455 VI
686 4417 764 4481 seqq.
