3066 4914
596 396 637 405 ..
678 357 721 422 29
763 395 805 406 ..

116 529 210 595 vitiis
225 528 306 596 liber
321 529 463 595 decimus
478 527 563 614 Lips.
582 529 673 594 1853.
690 550 763 615 pag.
783 529 846 616 15).
884 527 1056 615 Comperes
1071 528 1272 616 potissimum

21 649 25 654 '
117 640 180 705 col.
199 641 253 705 15:
277 643 329 706 καὶ
351 645 485 720 διαιρεῖν
508 639 752 720 μεγαλοψυχίαν
774 640 1013 720 ὑπερηφανίας,
1036 642 1120 708 ἀλλὰ
1134 645 1174 723 μὴ
1198 665 1271 724 τυμ-

119 752 237 831 φὺρειν
265 751 311 816 ὑιε
332 752 443 816 ἓνκαὶ
470 750 602 815 ταύτόν·
625 750 770 830 διαφέρει
790 751 853 831 γὰρ
881 751 959 817 δεον
983 753 1034 816 καί
1055 752 1107 816 ἐπὶ
1129 758 1187 818 τοὺ
1210 755 1269 818 ειίι-

120 881 222 941 ματοε
255 861 411 940 οἰδήεευιε
446 861 564 928 εὐεξία·
601 862 652 924 καὶ
689 860 752 925 ἔετι
782 864 841 924 τοὺ
873 863 933 941 μὲν
966 863 1198 942 μεγαλοψύχου
1232 865 1270 928 τὸ

121 975 341 1050 καταφρονεῖν
369 975 434 1036 τῶν
462 975 624 1050 τυχηρῶν,
652 968 853 1050 ὑπερέχοντα
883 974 929 1053 τῷ
951 975 1008 1050 τῆτ
1030 976 1137 1052 ψυχῆε
1166 972 1270 1058 ὄγκῳ·
1391 975 1393 980 ’

122 1085 180 1145 τοὺ
203 1081 231 1145 δ’
246 1080 460 1162 ὑπερηφάνου
481 1081 519 1145 τὸ
535 1082 587 1144 διὰ
609 1081 795 1161 κουφότητα
811 1079 927 1158 ταὺτητ
949 1080 1269 1163 ἐκπνευματοόμενον
1318 1109 1321 1114 ·

124 1191 187 1256 ὑπὸ
215 1192 353 1269 κτήτεωε
381 1191 544 1273 ὑπερορᾷν
574 1189 713 1269 ἑτέρουο.
758 1188 806 1254 cf.
830 1188 964 1254 Aristol.
987 1189 1051 1255 eth.
1073 1190 1146 1256 Nic.
1169 1189 1217 1275 ΙΙ,
1240 1193 1269 1255 ί.

122 1298 183 1381 IV,
203 1300 240 1381 3,
271 1298 327 1362 ubi
349 1299 574 1381 μεγαλοψυχία
595 1297 734 1362 medium
762 1300 851 1363 tenet
872 1299 979 1363 locum
1005 1299 1090 1364 inter
1114 1321 1269 1382 μικροψυ-

124 1410 195 1490 χίαν
218 1412 250 1474 εί
271 1410 459 1490 χαυνότητα

175 1581 178 1588 .
275 1519 310 1606 6)
332 1521 430 1600 Περὶ
451 1519 641 1598 πλούτου,

208 1627 296 1693 citae
317 1628 379 1692 hoc
401 1649 481 1714 opus
502 1631 628 1713 prs-cler
650 1627 829 1714 Diogenem
851 1630 1012 1696 Laertium
1034 1630 1073 1715 X,
1096 1632 1140 1696 24
1161 1631 1269 1697 Philo-

126 1737 234 1804 demus
258 1739 382 1804 devite.
405 1738 491 1803 viril.
515 1759 625 1822 oppos,
649 1735 815 1824 C.P.111,
836 1740 851 1804 1
876 1740 936 1804 eol.
955 1741 994 1805 12
1010 1741 1073 1826 (ed.
1091 1741 1268 1828 Goeliling.

123 1849 193 1913 den.
212 1849 297 1913 1830
317 1870 381 1912 une
403 1871 475 1913 cum
490 1848 624 1912 Aristol.
642 1847 847 1936 Oeconom.),
870 1853 944 1931 περὶ
958 1853 1104 1917 πλούτου
1126 1851 1160 1916 in
1176 1851 1212 1917 O.
1230 1832 1269 1916 Α,

34 1985 45 2002 ·
123 1957 171 2022 ΙΠ
193 1958 253 2023 οοί.
271 1958 300 2022 6.
345 1957 438 2034 Quod
464 1959 505 2022 ed
531 1959 669 2043 priorem
691 1957 870 2024 Philodemi
897 1962 1003 2025 locum
1030 1964 1168 2046 special,
1197 1984 1270 2026 eum

123 2069 293 2154 diligenter
320 2068 501 2133 consideres
530 2070 575 2133 sic
604 2052 843 2155 adoettlingio
864 2071 1062 2136 restilulum:
1091 2074 1267 2157 Φιλοεόφῳ

122 2183 150 2245 δ’
165 2181 227 2247 έετὶ
249 2182 395 2246 πλούτου
417 2183 540 2264 μικρὸν,
563 2182 582 2245 ὃ
605 2183 836 2260 παρεδώκαμεν
860 2181 980 2266 (πάντα
995 2183 1116 2266 καθ)ὑιε
1139 2181 1269 2267 [Neapr

123 2291 290 2374 εὐκαιρῶε]
314 2296 384 2358 τοῖο
405 2291 594 2372 καθηγεμόει
617 2295 707 2356 δοκεῖ
730 2287 830 2376 [δοκεῖ
851 2289 941 2354 όοοοί
956 2292 991 2354 in
1005 2291 1120 2377 Neap]
1143 2293 1179 2358 ἐν
1202 2297 1271 2359 τοῑε

122 2403 193 2482 περὶ
216 2402 363 2467 πλούτου
386 2402 511 2485 λόγοιτ,
536 2401 616 2467 ὥετε
638 2405 696 2482 τὴν
719 2401 907 2480 οἰκονομίαν
929 2407 984 2482 τῆε
999 2422 1034 2467 τε
1056 2404 1175 2469 τούτου
1198 2404 1268 2482 κτή-

121 2532 201 2577 εεωε
228 2513 279 2578 καὶ
308 2516 365 2590 τῆτ
387 2513 506 2577 τούτου
529 2515 674 2594 φυλακῆς
703 2511 959 2597 (παραδμδόεθαι
982 2510 1115 2596 [Neapz
1139 2513 1270 2596 μεταδ.].

123 2625 226 2688 Κείται
255 2623 365 2689 τοίνυν
388 2623 491 2707 ἐντῷ
514 2624 587 2702 περὶ
614 2621 760 2687 πλούτου
784 2623 1005 2703 Μητροδώρου
1033 2626 1166 2688 τοιαῦτα
1187 2623 1269 2703 πρόε

120 2736 178 2799 τὸν
200 2733 325 2812 τρόπον
347 2733 382 2800 ἐν
404 2740 450 2817 τῷ
465 2733 623 2818 λόγψτῆι
644 2733 728 2812 πρὸ(
749 2731 904 2811 έροὺνταε
925 2731 1001 2797 ἴεωε
1023 2733 1072 2799 ότι
1087 2733 1172 2797 πολὺ
1195 2753 1268 2797 κου-

120 2843 268 2926 φοτάτην
298 2846 351 2909 καὶ
378 2843 495 2926 ὑᾴττην
518 2843 549 2908 οἱ
574 2843 701 2908 Κυνικοί
728 2844 892 2921 διαγωγὴν
916 2839 1114 2927 (ποιοῦν)ται
1136 2839 1268 2928 [Neapz

122 2953 279 3038 βιοὺνται]
303 2956 368 3019 πᾶν
391 2953 499 3019 αὐτῶν
521 2951 783 3044 περι(φέρον)τετ
810 2949 942 3035 [Neap.:
965 2952 1201 3036 περιέλκοντεε]
1225 2951 1269 3017 εἰε

118 3066 159 3129 τὸ
181 3065 337 3146 δυνατὸν,
368 3063 467 3144 ὃμὲν
491 3059 620 3146 (ἀμ)ελῆ
650 3059 788 3146 [Νεαρι
817 3063 944 3141 εὐτελῆ,
968 3062 1007 3126 cf.
1031 3061 1160 3146 Epicur.
1185 3061 1268 3144 apud

119 3173 216 3258 Diog.
238 3171 344 3237 Laert.
367 3171 407 3251 X,
433 3173 503 3236 145.
522 3169 597 3236 146:
613 3173 774 3255 παντελῆ]
804 3174 935 3253 παρέχει
958 3173 1028 3253 βίον
1052 3172 1211 3253 εἰρηνικόν
1233 3193 1268 3237 τε

119 3281 252 3367 [Νοεμι
275 3285 325 3366 δὲ]
354 3285 404 3348 καί
431 3283 552 3364 μάλιετ’
580 3281 758 3366 ἀθόρυβον,
787 3284 947 3362 φροντίδα
974 3283 1003 3348 δ’
1026 3284 1071 3348 ὑιε
1101 3282 1268 3361 ἐλαχίετην

119 3390 253 3478 μ(όνο)ν
279 3391 407 3477 [Nesp.:
430 3393 578 3475 μελέτην]
600 3394 653 3457 καλ
674 3393 901 3474 πραγματείαν.

204 3502 287 3566 Tum
314 3502 519 3567 Philodemus
552 3500 627 3565 libri
656 3501 858 3585 procedentis
888 3503 946 3567 col.
967 3502 1007 3565 21
1043 3523 1197 3587 persaepe
1223 3503 1269 3565 eit

118 3613 279 3696 evenisse,
313 3615 350 3677 ιιί
375 3611 560 3696 philosophi
595 3611 633 3676 de
662 3609 850 3696 quibusdem
879 3613 973 3677 rebus
1001 3612 1099 3676 verba
1125 3611 1269 3675 fecerent

117 3745 233 3806 perum
253 3723 445 3807 perspectis,
468 3721 564 3786 tracti
586 3720 633 3785 illi
647 3721 775 3806 quidem
798 3722 1012 3808 (ἑλκυεθῆναι)
1035 3719 1186 3806 loquendi
1208 3742 1268 3784 usu

118 3833 259 3919 vulgari,
287 3832 512 3918 progrediente
540 3853 616 3896 vero
643 3831 842 3916 exporilione
872 3853 943 3896 cum
970 3830 1176 3896 multitudine
1205 3830 1268 3894 dis·

119 3946 288 4027 crepantes
322 3942 405 4008 hsnc
439 3943 542 4026 ipsam
570 3942 807 4028 redarguerent.
863 3940 988 4006 Deinde
1022 3943 1120 4026 ὅπερ,
1153 3941 1267 4025 inquit,

120 4055 337 4134 Ἀριετοτέλητ
368 4053 488 4120 ἔπαθεν
515 4053 596 4119 κατὰ
622 4054 682 4119 τόν
715 4052 825 4137 ἐντῷ
852 4055 926 4131 περὶ
951 4055 1133 4130 πολειτικῆε
1166 4051 1266 4126 λόγον

120 4165 235 4248 [Neep.
264 4184 446 4248 perperam:
473 4163 510 4228 ἐν
537 4169 583 4248 τῷ
612 4163 787 4248 Περιπάτῳ
816 4163 986 4244 διάλογον,
1014 4181 1109 4244 quem
1136 4158 1205 4242 ipse
1234 4181 1268 4223 se

119 4275 243 4339 nescire
266 4273 436 4338 confitetur
450 4271 638 4337 dereronius'
661 4269 775 4356 editor]
799 4270 881 4352 ὑπὲρ
902 4276 962 4337 τοὺ
984 4272 1042 4336 τὸν
1065 4271 1122 4349 μὲν
1145 4268 1268 4346 ἀγαθὸν

120 4385 223 4468 ἄνδρα
245 4385 296 4450 καί
317 4385 529 4466 χρηματιττῆν
557 4382 679 4460 ἀγαθὸν
702 4381 801 4465 εἶναι,
830 4383 888 4447 τὸν
911 4383 946 4446 δὲ
969 4382 1097 4459 φαὺλον
1120 4379 1171 4444 καὶ
1191 4399 1267 4459 χρη-
