3066 4914
734 312 1070 374 ’--14-«Ι

307 502 437 552 uxorem
459 479 637 566 legitimam
658 480 756 544 fuisse
778 501 933 564 ponamus
940 529 948 562 ,
973 500 1066 562 quam
1089 479 1274 563 opinionem
1296 479 1389 544 unde
1416 481 1475 544 de-

305 591 499 675 prompserit
526 590 562 654 B.
593 589 809 672 Hieronymus
840 590 912 653 adu.
934 589 1042 654 dorin.
1065 591 1126 654 317
1159 589 1206 654 ed.
1229 589 1371 654 Vallars.
1408 591 1471 676 (cf.

305 700 399 764 Joan.
417 699 570 764 Sarisber.
593 700 631 763 de
646 723 723 785 nug.
740 700 849 764 curial.
866 698 956 782 VIII,
974 701 1043 784 11),
1066 700 1175 763 nescio
1198 701 1355 783 equidem,
1382 701 1472 764 111116

307 812 415 873 tamen
436 810 558 893 placuit
581 808 744 874 Gassendo
767 809 788 874 l.
812 831 838 874 0.

390 918 518 1006 Hanni)
546 921 700 984 feminam
722 919 943 1004 philosophiae
966 919 1136 984 admodum
1159 919 1335 984 studiosam
1357 920 1470 984 fuisso

308 1028 419 1094 Cicero
443 1030 556 1094 scribit
577 1030 615 1094 de
637 1033 704 1094 nat.
727 1030 814 1094 deor.
838 1029 863 1112 I,
879 1030 929 1110 33,
946 1029 1002 1092 93:
1025 1051 1111 1112 „non
1134 1029 1229 1094 modo
1245 1029 1409 1113 Epicurus
1436 1035 1469 1094 et

187 1208 189 1212 ,
274 1149 277 1154 ’
308 1138 510 1204 Metrodorus
534 1144 567 1204 et
580 1139 796 1206 Hermarchus
819 1143 930 1202 contra
951 1139 1167 1224 Pythagoram
1189 1139 1359 1204 Platonem
1385 1140 1467 1204 Em-

199 1340 205 1346 .
309 1250 537 1333 pedoolemque
557 1251 720 1337 dixerunt,
744 1249 800 1313 sed
821 1249 1022 1312 meretricula
1045 1249 1142 1312 etiam
1157 1247 1327 1314 Leontium
1344 1254 1466 1314 contra

307 1359 563 1444 Theophrastum
586 1361 723 1424 scribere
746 1381 821 1423 ausa
843 1363 907 1422 est:
933 1360 1012 1423 scito
1036 1359 1091 1422 illa
1106 1359 1232 1441 quidem
1255 1381 1407 1424 sermone
1432 1366 1466 1424 et

307 1470 432 1554 Attico,
456 1470 511 1534 sed
533 1475 641 1534 tamen
666 1471 733 1516 —“
761 1469 816 1533 ubi
838 1469 1080 1551 interrumpitur
1102 1469 1220 1552 oratio,
1247 1470 1337 1552 cnjus
1360 1471 1462 1533 finem

307 1581 369 1643 sihi
392 1581 523 1663 quisque
546 1580 699 1665 suppleat.
732 1579 792 1642 Ille
814 1600 940 1663 „sermo
957 1578 1055 1642 scitus
1071 1582 1103 1642 et
1117 1580 1267 1644 Atticus“
1289 1581 1461 1644 mulierem

307 1690 427 1754 indicat
448 1689 640 1774 politiorem.
680 1687 771 1764 Quod
793 1689 914 1752 attinet
930 1687 1185 1774 philosophiam,
1208 1691 1273 1754 suis
1296 1712 1329 1754 se
1347 1693 1461 1754 teneat

307 1803 423 1864 orator.
469 1798 551 1864 Cum
578 1800 648 1864 loco
671 1798 818 1863 Tulliano
848 1799 888 1863 cf.
911 1799 1008 1862 Plinii
1036 1798 1110 1866 hist.
1139 1802 1206 1864 nat.
1228 1800 1349 1883 praetr
1376 1801 1458 1884 „ad-

307 1931 415 1974 versus
436 1909 710 1992 Theophrastum,
733 1907 895 1972 hominem
916 1909 950 1972 in
970 1909 1152 1991 eloquentia
1172 1913 1296 1974 tanturn
1318 1950 1360 1957 —
1382 1911 1458 1974 scri-

307 2020 409 2104 psisse
443 2020 540 2084 etiarn
568 2018 721 2083 feminam
749 2021 781 2082 61
806 2019 1009 2104 proverbium
1041 2019 1116 2082 inde
1144 2023 1254 2084 natum
1282 2021 1457 2104 suspendio

308 2131 452 2194 arborem
487 2129 626 2215 eligendi
634 2129 663 2192 “.
714 2129 802 2193 Idem
834 2127 1070 2215 Theo(do)rum
1098 2129 1254 2212 pictorem
1284 2129 1456 2194 Leontium

309 2240 504 2324 cogitantem
516 2240 658 2324 pinxisse
673 2242 783 2302 narrat
793 2238 868 2303 hist.
884 2241 950 2302 nat.
967 2237 1101 2322 XXXV,
1110 2239 1181 2304 144.
1206 2239 1255 2305 Of.
1264 2238 1398 2325 XXXV,
1407 2241 1455 2304 99.

392 2351 482 2415 Inter
504 2351 656 2436 epistulas
679 2351 719 2414 ab
734 2349 930 2432 Alciphrone
952 2348 1079 2414 rhetore
1094 2349 1222 2414 relictas
1245 2353 1348 2415 exstat
1363 2373 1454 2433 quae-

308 2461 380 2526 dam
402 2460 570 2525 aLeontio
592 2460 631 2523 ad
646 2460 790 2524 Lamiam
812 2460 958 2524 intimam
980 2461 1053 2524 data
1075 2459 1132 2544 (ΙΙ,
1155 2459 1248 2544 epist.
1264 2461 1315 2546 2),
1338 2461 1454 2543 inqua

308 2571 451 2654 queritur
478 2570 702 2633 tractationem
723 2568 854 2652 Epicuri
882 2569 980 2633 ferme
1009 2570 1221 2656 octogenarii,
1244 2571 1379 2654 morosi,
1401 2594 1452 2655 pe·

310 2680 461 2763 diculosi,
484 2680 622 2744 morbidi
650 2680 882 2764 velleribusque
910 2684 942 2744 et
962 2703 1070 2764 panno
1094 2679 1247 2763 contecti,
1275 2682 1326 2746 cui
1348 2703 1381 2745 se
1403 2681 1451 2747 Ti-

307 2790 471 2854 marchum
500 2790 562 2875 (cf.
591 2789 727 2854 Metrod.
757 2789 878 2874 scriptt.
907 2813 994 2855 num.
1013 2791 1072 2876 18)
1099 2792 1248 2875 juvenem
1276 2791 1449 2888 pulchrum,

307 2901 405 2985 longe
439 2900 599 2984 praeferre
632 2899 780 2964 libertate
813 2899 948 2983 quadam
982 2904 1114 2965 venusta
1147 2901 1276 2966 fatetur.
1325 2901 1447 2991 Ecquis,

309 3033 441 3094 quaeso,
464 3011 519 3096 qui
534 3010 619 3075 hanc
635 3010 804 3094 epistulam
817 3011 949 3096 legerit,
973 3033 1043 3076 earn
1065 3014 1163 3098 neget
1182 3013 1286 3077 facete
1308 3016 1341 3076 61
1361 3013 1447 3076 mira·

308 3121 365 3185 bili
399 3120 561 3205 elegantia
594 3143 631 3184 ac
664 3120 772 3204 lepore
807 3122 1021 3205 conscriptam
1055 3121 1145 3186 esse?
1190 3121 1274 3199 Quin
1301 3119 1446 3188 Passovio

310 3229 524 3314 (Vermischte
540 3230 701 3295 Schriften
715 3231 862 3317 herausg.
879 3253 943 3296 von
958 3231 1012 3297 W.
1024 3233 1064 3296 A.
1077 3232 1217 3298 Passow.
1238 3232 1344 3317 Leipa.
1361 3235 1445 3299 1845.

307 3362 381 3424 pag.
399 3341 438 3404 91
456 3341 536 3426 seq.)
565 3341 702 3406 libenter
724 3342 941 3426 concedimus,
969 3330 1122 3426 personas
1151 3343 1185 3406 in
1206 3341 1268 3406 hoc
1296 3343 1366 3426 ipso
1388 3345 1445 3428 epi-

309 3451 462 3514 stularum
485 3451 567 3514 libro
583 3452 722 3516 secundo
746 3453 836 3536 quasi
851 3453 961 3538 vigore
984 3456 1016 3516 et
1031 3453 1173 3538 corporis
1196 3455 1229 3516 61
1250 3453 1348 3517 animi
1363 3477 1443 3538 prae-

308 3564 430 3625 stantes
445 3561 620 3645 descriptas
636 3584 715 3627 esse.
751 3564 797 3628 At
818 3564 845 3628 si
861 3563 1037 3646 quaeritur,
1059 3585 1136 3627 num
1159 3563 1264 3647 ipsum
1280 3563 1444 3649 Epicurum

307 3671 472 3754 ipsamque
499 3671 669 3736 Leontium
698 3674 878 3759 depinxerit
905 3673 1098 3757 Alciphron,
1126 3672 1272 3758 equidem
1301 3673 1443 3758 epistulae

308 3780 401 3844 fidem
423 3779 608 3847 historicam
622 3783 711 3847 nullo
725 3787 820 3867 pacto
836 3784 983 3848 tribuam.
1020 3783 1152 3848 Etenim
1174 3788 1207 3848 et
1222 3793 1278 3848 'res
1301 3787 1334 3848 et
1347 3807 1442 3869 perso-

307 3911 369 3953 nae
389 3889 468 3955 locis
483 3891 746 3978 hominibusque,
769 3895 823 3977 qui
838 3915 947 3958 revera
969 3894 1173 3978 exstiterunt,
1197 3895 1347 3978 subjectis
1361 3896 1441 3959 fictae

309 4003 392 4064 sunt.
421 4000 491 4085 (of.
520 4002 625 4085 Baylii
646 4003 788 4068 Diction.
817 4027 846 4068 v.
868 4003 1029 4090 Epicur.).
1074 4003 1180 4088 Atque
1209 4005 1323 4089 quihus
1345 4004 1441 4070 rhetor

377 4267 394 4331 i)
412 4265 444 4318 ln
461 4264 508 4338 iis,
526 4263 675 4332 quaejam
693 4267 858 4333 sequentur,
877 4267 985 4318 arctam
1002 4265 1156 4320 Metrodori
1174 4284 1238 4321 011111
1256 4266 1369 4324 Leontio
1385 4286 1438 4322 con-

307 4349 489 4404 sociationem
508 4349 669 4420 respicienti
687 4364 741 4402 non
760 4351 860 4418 longus
878 4349 1002 4405 videbor.
