3066 4914
576 293 781 357 ..15..

81 464 248 528 fontibus
271 485 347 528 usus
371 464 413 526 sit
435 463 473 525 ad
497 462 666 545 epistulam
689 463 965 547 conscribendam,
988 487 1026 528 ex
1047 463 1179 548 Epicuri
1202 467 1252 532 de-

85 574 279 658 scriptione
302 572 559 656 petulantissime
582 572 730 635 instituta
751 571 844 635 facile
867 573 1057 658 colligimus.
1094 575 1253 640 Nimirum

84 687 214 767 poetas
243 683 382 746 comicos
405 681 537 765 Epicuri
565 681 676 745 hortos
705 703 834 764 carpere
856 681 940 746 haud
963 685 1158 767 neglexisse,
1186 689 1252 750 tam

87 815 208 876 perse
230 795 280 856 est
298 791 463 875 probabile
484 813 580 875 quam
602 791 827 874 comprobatur
844 793 1043 876 fragmentis.
1083 793 1131 859 Cf.
1149 795 1252 880 Hegoff

89 905 183 986 sipp.
213 902 378 966 Philetair.
411 901 493 984 apud
523 900 641 964 Athen.
670 899 823 984 Deipnos
853 901 1063 981 V11‚279D
1093 904 1251 986 (Meinek.

89 1014 251 1097 fruguum.
275 1011 386 1076 comic.
413 1009 475 1094 IV,
491 1012 585 1096 481),
609 1009 786 1074 Damoxen.
810 992 982 1096 Syntroph.
1008 1012 1084 1077 ibid.
1107 1013 1171 1097 III,
1193 1017 1251 1078 101

93 1145 166 1206 seq.
186 1122 339 1206 (Meinek.
356 1121 412 1204 IV,
428 1121 492 1185 530
503 1123 617 1206 sequ),
634 1120 747 1184 Baton.
765 1120 975 1204 Androphon.
992 1122 1067 1186 ibid.
1077 1121 1251 1206 vintrau

94 1227 255 1314 (Meinek.
278 1232 341 1314 IV,
363 1231 451 1316 5011).
496 1231 587 1306 Quod
616 1234 727 1294 contra
753 1231 933 1296 invenimus
962 1233 1046 1315 apud
1074 1233 1250 1310 Philoclem.

95 1343 138 1406 de
161 1343 284 1426 pietate
307 1342 370 1426 (ed.
389 1341 556 1423 Gomperz.
572 1363 645 1425 pag.
662 1342 713 1409 93.
750 1341 1002 1406 0110ῑο011111
1022 1343 1250 1409 01100300.

98 1453 258 1536 Gymnas.
275 1451 336 1516 XV
350 1473 422 1536 pag.
441 1450 616 1534 731301.)
640 1453 793 1518 ἁπάντων
816 1455 851 1517 δὲ
874 1454 1135 1536 κωμῳδηθέντων
1149 1456 1252 1534 μόνοε

97 1565 289 1643 Ἐπίκουρος
317 1562 381 1643 ἅμα
408 1565 475 1626 τοῖς
497 1549 632 1640 ruricium
655 1564 858 1642 (υμβιώεαων
887 1563 974 1647 αὐτῷ
998 1603 1035 1610 -
1061 1566 1251 1646 διεφύλαξεν

97 1674 218 1756 αὑτόν,
242 1674 314 1738 ἀλλ’
329 1673 399 1737 οὐδ’
417 1673 480 1738 ὑπὸ
501 1674 539 1738 τὸ
562 1673 770 1752 μιεόχρηετον
786 1674 882 1753 (τόμα
901 1711 937 1720 —
954 1675 1045 1740 ἔπεεε
1060 1679 1115 1754 τῆ(
1138 1697 1250 1758 κωμῳ-

98 1786 180 1866 aloc,
204 1783 237 1846 id
260 1781 486 1866 philosophum
503 1771 718 1846 Gadarensem
740 1803 806 1845 non
828 1782 868 1845 ad
883 1785 983 1846 totam
1007 1784 1104 1847 vitam
1120 1783 1250 1867 Epicuri

99 1915 293 1976 eorumque,
322 1893 376 1975 qui
398 1915 462 1956 una
484 1913 554 1956 cum
581 1891 691 1956 eodem
713 1893 849 1973 γνηείωε
870 1893 1021 1976 vixerint,
1051 1895 1122 1976 sed,
1149 1898 1186 1958 ut
1211 1917 1249 1958 ex

100 2002 365 2067 antecedentibus
388 2003 480 2067 initio
503 2002 624 2066 mutilis
647 2002 770 2066 videtur
793 2002 930 2084 elucere,
961 2003 1000 2066 ad
1023 2025 1131 2068 casum
1153 2026 1249 2087 quen-

100 2115 174 2176 dam
198 2112 393 2198 singularem
415 2113 561 2177 retulisse
585 2113 729 2176 existimo
741 2112 782 2198 k).
835 2161 838 2165 .

186 2223 238 2286 Ad
267 2223 404 2308 gloriam
428 2244 502 2287 vero
526 2221 651 2286 Leontii
657 2229 670 2305 ,’
695 2223 835 2286 mulieris
859 2222 927 2286 sine
955 2223 1051 2287 dubio
1074 2224 1195 2290 facetae
1219 2229 1250 2290 et

101 2334 302 2418 ingeniosae,
327 2332 582 2416 amplificandam
597 2333 745 2395 nonnulli
766 2333 825 2396 viri
840 2332 926 2396 docti
948 2355 1016 2396 eam
1038 2335 1161 2417 opinati
1176 2340 1251 2398 sunt

103 2445 237 2511 eandem
265 2443 363 2506 fuisse
392 2445 485 2525 atque
513 2443 618 2524 illam,
648 2443 698 2505 cui
722 2441 951 2507 Hermesianax
973 2447 1068 2527 poeta
1090 2445 1249 2529 Colopho-

101 2557 173 2618 nius
201 2555 260 2616 tris
295 2553 454 2617 dedicavit
482 2552 645 2636 elegorum
673 2551 772 2615 libros
808 2551 945 2636 (Athen.
975 2551 1127 2637 Deipnos
1158 2554 1248 2638 XIII,

101 2665 265 2751 5937597).

188 2775 275 2850 Quae
299 2774 424 2859 opini0,
447 2774 474 2838 si
496 2775 567 2858 quis
591 2775 694 2838 solum
717 2774 847 2858 respicit
868 2778 1010 2860 tempus,
1034 2780 1117 2840 stare
1132 2780 1247 2861 potest,

103 2887 190 2968 licet,
219 2907 282 2969 quo
304 2889 447 2969 tempore
470 2885 553 2949 diem
577 2904 758 2968 supremum
786 2884 902 2948 obierit
923 2889 1032 2970 poeta,
1062 2887 1149 2970 ipsos
1172 2889 1247 2951 scri-

103 3002 209 3080 ptores
241 2999 361 3060 veteres
394 2996 514 3080 fugisse
548 2998 640 3060 const
660 2998 682 3059 t.
737 2993 898 3059 Nimirum
929 2987 1103 3060 Pausanias
1129 2997 1247 3062 Graec.

104 3110 202 3171 deser.
225 3106 287 3190 Ι,9
309 3107 604 3172 Hermesianactem
627 3127 646 3168 a
668 3104 855 3188 Colophone
878 3104 1053 3170 oriundum·
1070 3129 1107 3170 ea
1128 3111 1247 3191 tempe-

104 3222 192 3301 state,
209 3240 271 3300 qua
281 3217 488 3300 Lysimachus
504 3217 639 3300 patriam
651 3219 763 3300 poetae
779 3216 970 3280 destruxerit
986 3216 1246 3302 (30200011),

100 3330 165 3411 jam
186 3331 346 3392 mortuum
364 3327 463 3394 fuisse
486 3326 559 3390 inde
581 3327 733 3410 conjecit,
756 3326 856 3409 quod,
880 3326 907 3388 si
929 3330 1006 3390 tunc
1029 3326 1131 3390 adhuc
1153 3327 1247 3390 vixis-

104 3443 165 3522 set,
188 3439 281 3513 istam
303 3439 428 3503 ruinam
451 3437 550 3518 elegis
573 3434 764 3520 conquestus
781 3439 880 3502 esset.

184 3548 378 3634 Praeceptor
411 3547 681 3612 Hermesianactis
717 3547 859 3611 Philetas
893 3547 977 3612 Cous
984 3596 993 3630 ,
1028 3547 1245 3612 Ptolemaeum

105 3658 346 3742 Philadelphum
375 3657 502 3722 circiter
530 3680 557 3722 a.
580 3658 643 3722 306
671 3660 783 3721 natum
806 3658 967 3741 educavit,
996 3657 1094 3740 unde,
1123 3658 1150 3720 si
1172 3680 1246 3722 vera

105 3773 151 3833 est
164 3769 340 3833 Pausaniae
364 3768 489 3853 opime,
512 3768 602 3831 illum
625 3769 733 3833 multis
756 3770 849 3832 annis
871 3767 1125 3832 Hermesianacti
1148 3767 1246 3830 fuisse

106 3881 317 3964 superstitem,
345 3880 431 3943 hunc
454 3899 527 3942 vero
550 3882 627 3942 natu
650 3901 716 3943 non
744 3879 788 3943 ita
809 3878 964 3964 grandem
987 3879 1052 3942 vita
1074 3878 1246 3942 excessisse
1305 3961 1307 3966 .

169 4171 191 4237 ¹¹)
216 4167 256 4222 ef.
279 4168 298 4222 1.
320 4187 342 4223 c.
366 4185 437 4223 vers.
454 4173 470 4224 8
488 4184 579 4237 seqq.:
603 4169 689 4224 ἐνίων
708 4169 758 4236 μὲν
776 4169 974 4234 ἐνκληθὲντων
996 4169 1042 4222 ἐπὶ
1064 4173 1107 4237 τῷ
1126 4167 1177 4236 βίῳ
1200 4170 1245 4221 καὶ

105 4261 159 4310 τοῖς
176 4255 270 4320 λόγοι(
287 4256 469 4322 φιλοςόφων,
488 4255 575 4308 ἐνίων
586 4259 617 4309 δὲ
630 4257 682 4310 κάκ
699 4261 751 4322 τῆ(
769 4255 895 4321 πόλεως,
914 4257 1002 4308 τινῶν
1020 4255 1051 4307 δὲ
1069 4253 1245 4321 κα(ι)κ[1]τῆε

107 4341 252 4407 (υμμαχίαε
271 4340 471 4409 ἐξοριεθέντων
489 4343 534 4394 καὶ
553 4341 795 4430 θανατωθένξων,
813 4339 951 4393 ἁπάντων
969 4339 999 4392 δὲ
1017 4341 1076 4392 κτλ.
