3066 4914
482 1209 836 1296 PROOEMIUM.

167 1607 295 1689 Fontes
329 1619 552 1703 philosophiae
581 1618 712 1702 Epicuri
746 1641 817 1683 cum
849 1641 952 1704 nuper
979 1621 1151 1686 studiosius
1187 1622 1234 1686 in·

82 1733 291 1817 castigarem,
314 1731 348 1794 in
363 1729 483 1796 Prioris
498 1729 707 1793 Voluminum
722 1730 1010 1794 Herculanensium
1028 1729 1235 1796 Collectionis

82 1847 172 1906 tomo
188 1841 236 1907 Vl
263 1842 516 1926 fragmentorum
545 1840 709 1904 columnas
736 1838 816 1904 XXI
837 1841 956 1924 reperi,
984 1841 1079 1906 titulo
1108 1843 1235 1926 quidem

81 1956 242 2017 vetustate
265 1972 368 2015 exeso.
404 1949 480 2018 ,Has
502 1952 610 2014 tamen
637 1973 705 2015 csse
726 1950 877 2034 reliquias
900 1951 973 2014 libri
1001 1973 1021 2015 a
1041 1951 1236 2042 Metrodom,

82 2063 216 2148 Epicuri
230 2061 361 2144 intimo,
377 2063 449 2142 περὶ
464 2062 637 2140 αἰεθήεεων
654 2061 842 2145 conscripti,
858 2083 931 2125 cum
945 2061 1090 2146 Angelus
1107 2061 1235 2127 Scottus

83 2174 145 2238 sibi
168 2176 255 2237 certo
279 2171 453 2254 conjecisse
475 2171 561 2235 visus
583 2175 683 2255 esset,
713 2193 767 2236 eas
790 2193 857 2235 non
879 2172 1036 2236 dubitavit
1062 2172 1237 2238 inscribere

82 2282 285 2367 „Metrodori
318 2281 357 2346 de
389 2281 590 2346 sensionibus
619 2283 845 2346 commentatio
853 2284 881 2346 “.
932 2281 1002 2357 Quo
1030 2283 1151 2346 facturn
1178 2287 1236 2366 est,

83 2397 120 2456 ut
140 2394 324 2478 fragmenta
343 2391 459 2456 hocce..
471 2391 575 2455 indice
597 2392 754 2456 instructa
782 2393 865 2456 inter
886 2392 993 2456 fontes
1015 2391 1238 2476 philosophiae

84 2503 217 2587 Epicuri
243 2501 423 2566 Fridericus
450 2501 676 2586 Ueberwcgius
709 2502 745 2566 in
776 2502 866 2585 libri,
901 2502 955 2586 qui
989 2502 1161 2586 inscriptus
1190 2507 1239 2566 est

84 2612 286 2697 „Grundriss
315 2613 371 2676 der
393 2611 584 2676 Geschichte
614 2612 669 2676 der
691 2603 926 2696 Philosophie“
952 2613 1014 2676 vol.
1036 2611 1052 2676 I
1079 2635 1153 2698 pag.
1178 2613 1239 2677 175

85 2723 238 2788 laudaret.
283 2709 365 2786 Mihi
395 2726 501 2787 autem
534 2723 568 2786 in
595 2723 651 2786 illa
678 2723 866 2807 quaestione
894 2723 1100 2806 disceptanda
1134 2722 1238 2786 elabo-

86 2833 171 2897 ranti
200 2833 354 2917 quaedam
382 2833 507 2898 affluxit
528 2833 693 2916 materies,
720 2836 757 2896 ut
783 2853 855 2897 mea
877 2832 1005 2917 quidem
1027 2833 1092 2896 fert
1118 2833 1238 2916 opinio,

88 2947 137 3008 sat
158 2943 272 3028 digna,
296 2965 375 3027 quae
399 2945 666 3008 commentatione
689 2943 843 3028 singulari
865 2944 1084 3027 pertractetur.
1129 2941 1240 3006 Talem

87 3058 196 3118 tamen
221 3054 351 3119 lecturis
385 3055 537 3138 offerens,
572 3077 623 3118 mc
651 3057 799 3136 cunctos,
833 3055 888 3136 qui
916 3053 1021 3137 aliqua
1048 3053 1173 3117 ratione
1200 3055 1239 3116 ad

88 3163 307 3234 Metrodorum
329 3167 489 3248 spectent,
513 3166 600 3229 locos
622 3165 798 3248 respexisse
818 3185 885 3227 non
901 3164 1050 3247 dixerim,
1072 3165 1170 3228 imrno
1193 3163 1240 3227 in·

89 3275 213 3338 terdum
236 3275 382 3338 consulto
404 3275 498 3338 omisi
520 3274 660 3357 inutileS,
684 3273 807 3337 nullum
829 3295 914 3356 vero,
938 3273 1062 3358 opinor,
1085 3273 1240 3359 gravioris

90 3384 243 3449 momenti
263 3385 401 3469 neglexi.

174 3493 324 3560 Ceterum
349 3496 384 3559 in
406 3496 523 3560 litteris
546 3497 687 3581 antiquis
714 3495 997 3580 investigationem
1018 3515 1124 3560 rerum
1146 3515 1241 3579 quam

93 3607 228 3670 maxime
251 3606 461 3692 singularium
482 3606 667 3690 neutiquam
689 3607 836 3671 inutilem
858 3586 1050 3689 inanemque
1078 3627 1241 3670 evasuram
1282 3695 1286 3700 Ι

93 3738 159 3780 esse
187 3739 316 3800 consec,
351 3719 461 3801 utpote
489 3739 551 3802 qua
578 3717 647 3781 sola
675 3738 747 3781 cum
777 3738 983 3800 quaecunque
1017 3716 1123 3801 agitur
1149 3717 1241 3780 disci·

93 3829 193 3910 plina,
215 3830 284 3892 tum
305 3847 387 3911 prae
400 3828 513 3892 ceteris
536 3827 758 3912 philosophiae
779 3827 915 3892 historia
935 3827 970 3891 in
991 3827 1174 3892 universum
1197 3827 1242 3890 di·

93 3936 224 4001 lucidior
246 3937 371 4002 existat.
1052 4002 1057 4018 ,

174 4047 224 4112 De
251 4048 412 4133 fontibus,
442 4048 557 4132 quibus
583 4048 787 4133 potissimum
814 4071 889 4113 usus
912 4069 997 4131 sum,
1025 4069 1126 4133 pauca
1147 4050 1242 4114 modo

95 4158 187 4222 verba
207 4157 333 4224 faciam.
363 4158 538 4224 Volumina
553 4159 821 4243 Herculanarum,
845 4159 989 4243 quamvis
1010 4158 1059 4232 nil
1079 4159 1147 4224 fere
1169 4181 1243 4225 con·

95 4269 230 4349 tineent,
264 4269 328 4334 nisi
356 4269 488 4353 Epicur-i
518 4271 648 4355 ejusque
675 4271 867 4335 asseclarum
894 4270 1095 4354 fragmenta,
1128 4271 1244 4356 majori

95 4381 200 4444 tamen
228 4383 379 4464 exparte
408 4380 486 4444 adeo
509 4385 585 4444 sunt
611 4382 739 4465 mutila,
766 4384 802 4444 ut
830 4403 936 4445 rerum
964 4379 1005 4444 ad
1026 4379 1245 4445 Metrodorum

142 4491 257 4532 nunnius.
1027 4507 1039 4556 l
