3066 4914
755 348 966 414 ..34-

290 595 343 670 11.
382 595 544 686 Scripta,
567 619 658 684 quae
672 601 825 668 fuerunt
840 601 883 668 de
898 601 1064 668 doctrina
1078 619 1119 668 ac
1133 603 1241 670 rebus
1256 606 1450 672 sectarum
1528 655 1530 700 ,

607 713 905 795 singulorumque
926 712 1123 779 hominum.

424 885 457 953 a)
475 881 578 950 Libri,
597 882 708 950 qulbus
725 881 922 938 Metrodorus
940 883 1040 938 sectas
1058 897 1225 950 aggressus
1243 857 1318 940 ests

442 1018 935 1104 11)Πρὸετοὺεῑατρούε.

373 1145 535 1231 Diogenes
549 1143 695 1209 Laertius
712 1143 752 1228 X,
769 1143 811 1207 24
832 1143 891 1207 tris
913 1147 1068 1208 memorat
1088 1143 1183 1230 hujus
1206 1148 1311 1231 operis
1330 1148 1444 1212 libros.
1528 1139 1530 1176 ³

293 1255 427 1321 Soholae
449 1256 627 1341 Epicureae
648 1254 809 1338 principes
832 1253 927 1317 etiam
948 1276 1016 1318 rem
1038 1254 1194 1319 medicam
1223 1256 1263 1320 ad
1286 1257 1444 1343 dogmata

289 1388 346 1431 sua
361 1365 520 1430 studuisse
535 1386 697 1448 revocare,
721 1362 880 1428 indicibus
896 1365 1119 1447 comprobatur
1134 1366 1340 1452 scriptorum,
1358 1389 1442 1451 quae
1529 1427 1530 1440 ,

288 1476 328 1540 de
356 1475 412 1539 illa
440 1475 577 1539 edidisse
599 1475 776 1538 traduntur.
821 1475 927 1557 Atque
949 1473 1150 1540 Metrodorus
1173 1498 1245 1540 cum
1273 1476 1361 1560 ipsos
1383 1499 1439 1561 op·

287 1607 449 1672 pugnasse
470 1585 616 1648 videatur
638 1583 793 1663 medicos,
816 1583 974 1667 Epicurus
997 1606 1086 1648 suam
1114 1585 1153 1649 de
1175 1585 1294 1650 morbis
1322 1587 1438 1651 doctri-
1529 1589 1530 1658 1

286 1719 362 1761 nam
386 1695 526 1780 suscepit
548 1694 768 1778 exponendam
790 1701 823 1757 in
845 1693 941 1777 libro,
971 1695 1026 1776 qui
1048 1694 1110 1758 fuit
1131 1697 1203 1776 περὶ
1225 1696 1335 1784 vtetur
1359 1696 1435 1780 (vid.

287 1806 382 1891 Diog.
405 1804 510 1869 Laert.
535 1804 575 1888 X,
590 1805 656 1889 28).
705 1803 783 1886 Sed,
807 1804 961 1888 numquid
981 1804 1140 1880 ¹valuerint
1162 1806 1202 1869 ad
1225 1827 1300 1870 suae
1323 1807 1437 1872 aetatis

287 1919 387 1982 artem
414 1915 619 1997 medicinam,
653 1914 680 1977 si
708 1916 800 1998 roget
822 1914 994 1998 quispiam,
1025 1915 1104 1979 certi
1131 1915 1214 1980 nihil
1241 1917 1438 2000 respondere

286 2047 455 2111 possumus
493 2024 555 2111 (cl.
585 2023 750 2108 Sprengel.
785 2023 930 2088 Versuch
964 2024 1052 2088 einer
1085 2025 1346 2110 pragmatischen
1375 2025 1439 2090 Ge-

287 2136 429 2202 schichte
452 2136 508 2199 der
529 2133 764 2198 Araneikunde.
801 2133 860 2197 Ed.
883 2133 1094 2198 Rosenbaom.
1118 2134 1134 2197 I
1156 2157 1229 2221 pag.
1252 2135 1348 2221 450).
1391 2135 1435 2200 lu

286 2247 468 2312 universum
495 2244 717 2330 „medicorum
739 2244 906 2308 scientiam
927 2266 992 2308 non
1015 2244 1114 2328 ipsius
1137 2245 1231 2329 61116,
1254 2246 1309 2310 sed
1331 2246 1437 2310 bonae

287 2355 479 2422 valetudinis
509 2355 630 2419 causa“
660 2355 711 2438 (ut
738 2353 873 2433 611010.
897 2353 1046 2419 definib.
1069 2353 1100 2439 I,
1125 2355 1180 2439 13,
1202 2355 1258 2442 42)
1286 2355 1438 2420 videntur

286 2468 446 2552 probasse.
491 2463 541 2530 cf.
570 2462 664 2549 Diog.
687 2463 791 2528 Laert.
814 2463 858 2546 X,
889 2464 963 2530 138:
993 2465 1101 2546 obturo
1129 2467 1188 2545 τὴν
1215 2465 1355 2545 ἰατρικὴν
1383 2467 1438 2530 διὰ

286 2581 345 2658 τὴν
369 2577 490 2655 ὑγίειαν
513 2573 711 2658 (ulcerosa),
735 2574 818 2646 sicut
840 2572 937 2639 Marc.
960 2574 1114 2639 Antonin.
1136 2573 1194 2657 IX,
1209 2575 1260 2639 41.
1305 2574 1437 2638 Morbos
1528 2605 1529 2666 3

288 2686 463 2752 seminibus
486 2705 562 2749 casu
584 2683 700 2747 coortis
722 2682 814 2768 gigni
821 2732 830 2766 ,
852 2705 932 2768 quae
955 2684 1020 2747 sint
1034 2684 1143 2749 morbo
1165 2684 1344 2768 mortique,
1367 2683 1435 2767 qui·

286 2797 408 2881 busque
430 2817 485 2859 661
506 2794 563 2857 fiat
584 2793 761 2878 morbidus,
784 2793 912 2867 uberius
935 2793 1028 2858 docet
1041 2793 1206 2858 Lucretius
1229 2792 1268 2880 de
1289 2815 1351 2884 rer.
1365 2796 1434 2856 nat.

286 2904 343 2991 VI,
367 2905 449 2970 1090
464 2925 551 2988 seqq.
558 2953 567 2988 ,
589 2904 646 2967 ubi
667 2902 730 2967 vid.
752 2902 859 2968 Munr.

370 3015 511 3097 Primus,
545 3012 628 3097 quod
661 3012 773 3096 sciam,
806 3012 846 3077 ad
879 3013 1140 3098 philosophorum
1171 3013 1432 3096 atomisticorum,

220 3133 224 3140 “
285 3126 454 3210 praecipue
476 3122 704 3207 Epicureorum
732 3122 882 3208 dogmata
908 3145 976 3187 rem
1002 3123 1155 3188 medicam
1178 3123 1432 3187 accommodavit

285 3234 509 3321 Asclepiades,
533 3233 674 3298 medicus
690 3231 861 3316 Bithynius
884 3233 1031 3319 (011066.
1057 3233 1213 3297 11061116
1236 3231 1312 3298 Ohr.
1335 3235 1427 3318 nat),

286 3346 325 3410 de
353 3366 415 3430 quo
437 3345 529 3428 plura
551 3345 696 3427 exposuit
715 3343 882 3408 Iseuseeus
904 3343 937 3434 in
959 3343 1057 3427 libro,
1085 3343 1140 3426 qui
1161 3341 1348 3407 inscribitur
1371 3342 1429 3407 Ge-

216 3475 218 3479 ·
286 3454 429 3521 sohiohte
451 3454 507 3539 der
528 3452 683 3537 Mediziu,
710 3475 783 3538 pag.
801 3453 862 3518 109
878 3473 964 3537 seqq.
990 3453 1064 3537 (ubi
1085 3453 1148 3517 vid.
1171 3473 1244 3537 pag.
1264 3454 1323 3516 lll
1347 3452 1430 3534 ξδ).

287 3566 378 3643 Quod
401 3564 524 3650 spectat
545 3563 584 3628 ad
606 3564 761 3646 rationes,
788 3562 901 3646 quibus
923 3563 1114 3647 posteriores
1136 3561 1286 3646 Epicurei
1309 3561 1431 3639 scholas

284 3675 483 3761 respexerint
503 3674 698 3739 medicorum
719 3673 902 3757 empiricam
925 3675 957 3736 et
976 3672 1205 3756 methodicam,
1227 3672 1299 3736 vide
1314 3673 1430 3736 librum

285 3785 464 3851 Philodami
496 3787 570 3864 περὶ
603 3786 740 3867 (ημείων
775 3784 826 3848 καὶ
854 3783 1052 3863 superdueam
1085 3783 1120 3846 in
1147 3781 1184 3848 0.
1212 3781 1328 3850 A.,IV
1362 3781 1427 3868 (ed.

286 3895 453 3980 Gomperz.
477 3895 561 3980 Lips.
580 3894 671 3960 1865.
695 3892 745 3958 Of.
761 3893 820 3958 ool.
835 3893 905 3975 38).

438 4032 492 4118 13)
516 4032 621 4110 Πρὸ(
642 4031 736 4095 τοὺς
758 4007 1046 4095 διαλεκτικούς.

370 4158 458 4224 01161
480 4157 565 4221 hunc
586 4155 703 4220 librum
718 4155 879 4240 Diogenes
894 4154 1039 4218 Laertius
1055 4152 1094 4237 X,
1109 4154 1161 4217 24.
1198 4155 1335 4230 Quinam
1357 4175 1428 4220 1610

285 4271 361 4332 sunt
382 4266 562 4332 dialectici?
585 4264 753 4350 Menagius
775 4265 836 4328 hoc
858 4264 987 4328 nomine
1008 4262 1226 4328 Metrodorum
1248 4266 1350 4330 voluit
1365 4264 1427 4328 Me

284 4379 408 4463 garicos
443 4378 627 4458 denotasse,
664 4375 748 4458 quod
776 4376 857 4438 libro
891 4373 1028 4457 quodam
1056 4373 1188 4456 Epicuri
1222 4375 1325 4458 (uode
1354 4377 1427 4442 rode
