3066 4914
732 355 943 418 „24ss

263 529 476 594 Timocratem
498 527 594 591 nimis
608 525 746 610 patriam
769 525 933 589 curantem
956 523 996 586 ad
1012 543 1118 586 curam
1140 525 1270 587 revecat
1291 523 1417 586 ventris

264 641 392 726 (fragm.
416 659 501 702 num.
518 633 643 722 XVII),
671 637 788 720 quippe
810 635 982 714 ἀταραξίαν
1004 637 1060 713 uic
1083 637 1189 714 ψυχῆε
1211 632 1416 714 ἀεύμβλητον

264 751 346 818 εἶναι
373 753 442 815 ταῑι
470 748 620 829 μεγάλαιι
641 747 826 828 ἡγεμονίαι(
854 743 1025 807 arbitratur
1054 743 1188 828 (fragm.
1212 763 1299 806 num.
1323 741 1413 824 XX).

264 860 371 926 Solam
394 880 468 923 vere
491 857 679 940 acerrimae,
707 875 788 940 quae
811 857 921 918 exorta
943 856 1008 936 est,
1040 850 1259 918 contentionis
1282 873 1411 916 causam

264 971 352 1036 illam
367 969 466 1034 fuisse
487 969 521 1031 in
535 961 767 1052 philosophicis
782 960 1014 1029 dissensionem
1036 963 1090 1048 (cf.
1108 962 1172 1030 Cic.
1189 963 1228 1028 de
1243 965 1309 1028 nat.
1327 963 1411 1027 deor.

264 1080 291 1164 I,
313 1081 365 1163 33,
389 1079 445 1144 93:
473 1098 575 1162 „cum
596 1076 755 1160 Epicurus
785 1113 821 1122 -
853 1073 1081 1155 Timocratem,
1111 1072 1185 1157 quia
1205 1073 1315 1138 nescio
1339 1073 1413 1158 quid

263 1191 298 1254 in
319 1186 525 1273 philosophia
547 1185 747 1268 dissentiret,
769 1185 847 1248 totis
869 1184 1086 1248 voluminibus
1110 1182 1344 1268 conciderit“),
1365 1205 1411 1247 re-

265 1303 379 1384 spectu
401 1319 526 1380 eorum,
556 1318 639 1380 quae,
660 1295 843 1378 ceteroquin
866 1294 904 1358 de
926 1294 1106 1358 Timocrate
1133 1293 1251 1359 tradita
1278 1296 1410 1376 exstant,

265 1409 359 1475 facile
381 1405 558 1493 negaveris.
596 1405 742 1488 Namque
764 1404 839 1470 huic
859 1404 982 1469 homini
1005 1403 1070 1468 aeri
1085 1425 1249 1488 pronoque
1272 1403 1313 1468 ad
1335 1404 1411 1468 iram

267 1520 363 1584 etiam
386 1539 458 1582 cum
474 1514 627 1580 Actoride
650 1513 748 1579 fratre
769 1515 832 1579 tuit
853 1515 937 1598 rixa,
961 1535 1064 1598 aquo
1087 1513 1215 1599 quidem
1238 1535 1311 1578 eum
1332 1515 1411 1580 male

266 1631 430 1713 acceptum
466 1625 577 1691 scribit
605 1622 811 1689 Philodemus
845 1625 884 1689 de
912 1626 959 1690 ira
993 1625 1041 1690 ed.
1071 1624 1241 1709 Gomperz.
1270 1646 1345 1711 pag.
1374 1625 1413 1690 48

267 1740 341 1825 (col.
360 1739 429 1824 12):
453 1737 555 1802 ἐνίοτε
578 1737 628 1800 καὶ
650 1737 739 1817 παρὰ
760 1738 845 1801 πολὺ
862 1735 906 1821 [9]
931 1737 1161 1817 ευμβάλλουειν
1185 1736 1411 1818 ἰεχυροτέροιε·

267 1852 307 1917 οὐ
328 1851 390 1930 γάρ
413 1849 451 1932 ἐᾷ
473 1847 642 1926 διακρίνειν
666 1845 685 1912 ὁ
707 1847 820 1926 θυμόι·
844 1848 889 1912 rb<
912 1847 962 1911 καὶ
976 1847 1176 1926 Τιμοκράτην
1192 1848 1287 1928 φητὶν
1311 1847 1412 1926 ὁΜη-

267 1962 434 2042 τρόδωροτ
449 1963 495 2041 τῷ
512 1957 719 2039 πρετβυτάτιρ
735 1941 801 2022 τῶν
816 1957 970 2038 ἀδελφῶν
986 1955 1166 2041 Ἀκταρίδη
1196 1955 1288 2021 Adde
1311 1956 1413 2038 etiarn,

268 2069 353 2154 quod
380 2067 553 2132 maximum
587 2066 654 2150 ejus
682 2065 790 2130 odium
816 2066 939 2130 exstitit
968 2066 1003 2130 in
1030 2067 1219 2151 magistrum
1249 2065 1414 2150 ipsumque

267 2181 414 2262 fratrem,
439 2177 522 2243 sicut
543 2176 664 2241 indicat
685 2175 890 2240 Philodemus
913 2178 984 2257 περὶ
1006 2177 1183 2258 παῤῥηείαε
1207 2176 1242 2240 O.
1266 2173 1302 2240 P.
1326 2175 1375 2259 V,
1399 2179 1413 2238 1

269 2291 328 2354 eol.
344 2290 387 2353 20
407 2287 458 2352 his
480 2288 600 2352 verbis:
625 2289 670 2353 άιε
685 2287 880 2367 Τιμοκράτη(
902 2289 951 2352 καὶ
974 2290 1079 2368 φιλεῖν
1102 2288 1165 2368 ἔφη
1187 2289 1247 2355 τὸν
1269 2287 1414 2369 ἀδελφὸν

271 2402 316 2467 ibt
339 2399 443 2466 oduei(
466 2400 516 2462 καὶ
538 2401 636 2477 μἰεεῑν
661 2399 706 2463 ibt
728 2397 846 2462 οὐδείς.

354 2509 511 2572 Discessit
531 2507 632 2592 igitur
647 2528 664 2570 e
680 2505 791 2570 schola
804 2505 964 2590 Epicurea
981 2505 1089 2593 (Diog.
1105 2507 1210 2572 Laert.
1227 2507 1267 2592 X,
1283 2509 1333 2592 6),
1357 2531 1418 2593 quo

269 2621 356 2685 facto
371 2619 488 2684 librum
510 2617 597 2681 foras
620 2615 709 2680 dedit
730 2615 789 2679 sub
803 2616 898 2680 titulo
914 2619 1101 2700 Εὐφραντά,
1125 2619 1214 2702 cujus
1237 2618 1331 2702 quale
1351 2619 1418 2682 fue-

271 2731 314 2794 rit
336 2730 576 2814 argumentum,
601 2747 640 2790 ex
654 2724 801 2812 Diogene
825 2729 952 2790 constat
975 2727 1009 2812 (l.
1026 2729 1078 2813 c).
1115 2727 1144 2792 Ε
1166 2728 1262 2793 trivio
1285 2728 1420 2814 arripuit

270 2837 509 2924 objurgationes
536 2836 668 2922 Epicuri
696 2858 790 2921 quam
819 2836 1040 2921 spurcissimas
1070 2840 1102 2901 et
1129 2837 1191 2902 huc
1219 2842 1315 2923 atque
1344 2839 1419 2903 illuc

272 2947 530 3014 circumcursavit
555 2948 745 3032 magistrum
773 2947 983 3012 calumnians.
1035 2947 1139 3013 Testis
1168 2951 1217 3012 est
1238 2949 1417 3034 Alciphron

270 3059 363 3142 epist.
392 3057 502 3139 11,2,
528 3056 568 3120 10
591 3056 652 3140 (ed.
677 3055 818 3140 Seiler.):
840 3059 869 3122 τί
891 3062 994 3124 ποιεῑτ
1016 3059 1195 3144 Ἐπίκουρε,
1226 3060 1287 3124 οὐκ
1316 3059 1418 3136 cited,

272 3169 321 3234 ὅτι
343 3171 544 3252 διακωμῳδεῑ
574 3188 606 3232 (ε
629 3169 825 3249 Τιμοκράτη(
848 3169 867 3233 δ
891 3169 1114 3250 Μητροδώρου
1139 3169 1242 3254 (sici)
1272 3169 1325 3236 ἐπὶ
1347 3172 1418 3236 τοά-

271 3298 339 3344 τοιε
366 3279 401 3345 ἐν
429 3280 497 3342 ταῖι
525 3279 712 3358 ἐκκληείαιε,
745 3279 780 3344 ἐν
808 3283 877 3343 soit
905 3279 1067 3358 θεάτροις,
1096 3280 1184 3360 παρὰ
1212 3284 1281 3345 τοῖς
1310 3281 1419 3346 ἄλλοι(

273 3392 451 3469 εοφιεταῑε;
479 3385 546 3472 (cf.
570 3386 665 3474 Diog.
688 3387 793 3453 Laert.
818 3387 862 3472 X,
884 3389 931 3473 4.)
976 3386 1140 3473 Fortasse,
1170 3411 1232 3474 quo
1259 3390 1363 3476 magis
1391 3391 1420 3454 ei

273 3497 467 3580 crederetur,
497 3519 531 3562 se
553 3497 683 3582 Epicuri
706 3499 874 3584 opiniones
902 3520 997 3582 quarn
1020 3498 1157 3563 maxime
1178 3500 1291 3564 noxias
1313 3501 1420 3566 dolere

272 3609 442 3673 simulavit.
487 3607 605 3672 Scribit
633 3611 718 3673 certe
748 3608 862 3674 Suidas
891 3609 940 3694 (v.
964 3609 1151 3688 Ἐπίκουροι
1174 3613 1233 3676 art.
1256 3611 1293 3694 2,
1323 3612 1365 3676 cf.
1392 3634 1418 3674 v.

272 3721 394 3804 κλάειν)
416 3718 559 3802 subjecto
583 3719 701 3783 omisso
723 3719 817 3784 haec:
840 3719 909 3785 εἶτα
924 3719 1080 3801 ἀνέθορεν
1096 3721 1271 3806 Ἐπικούρῳ
1288 3723 1338 3786 καὶ
1352 3726 1419 3788 ruit

273 3830 379 3900 δόξαι(
400 3830 507 3895 κλάειν
530 3831 652 3908 λέγων,
682 3850 761 3912 quae
783 3829 992 3914 probabiliter
1014 3829 1053 3894 ad
1076 3829 1290 3896 Timocratem
1313 3831 1419 3896 existi-

273 3961 340 4003 mes
367 3939 542 4005 rcferenda.
600 3939 722 4016 Quibus
750 3939 1027 4025 objurgationibus
1056 3943 1235 4006 commotus
1263 3941 1420 4025 Epicurus

274 4050 392 4133 scripta
414 4049 513 4115 edidit
534 4051 683 4114 adversus
706 4049 796 4114 illurn
816 4050 1077 4114 calumniatorem
1101 4049 1182 4134 (Dic.
1200 4051 1238 4115 de
1252 4054 1318 4116 nat.
1335 4052 1419 4117 deor.

274 4159 299 4243 I,
315 4161 366 4243 33,
382 4161 454 4248 93),
479 4160 563 4224 unde
585 4159 680 4245 Diog.
703 4159 807 4224 Laert.
829 4159 868 4242 X,
884 4159 925 4224 28
948 4160 1048 4224 libros
1070 4163 1228 4226 memorat
1248 4160 1420 4247 inscriptos

273 4271 468 4353 Τιμοκράτη(
495 4274 527 4334 ct
554 4273 636 4350 πρόε
658 4270 865 4350 Τιμοκράτην.
912 4269 992 4332 Item
1015 4270 1111 4335 etiam
1133 4268 1295 4356 Diogenes
1318 4271 1357 4355 X,
1379 4273 1421 4335 24

276 4381 491 4446 Metrodorum
511 4382 556 4444 ait
575 4380 791 4463 composuisse
804 4380 920 4444 librum
936 4382 1018 4462 πρὸ(
1030 4383 1230 4464 Τιμοκράτην
1249 4384 1281 4446 et
1298 4381 1345 4464 X,
1362 4383 1419 4447 136
1515 4424 1516 4440 ι
