3066 4914
752 328 961 391 ..42-

281 499 514 581 concretiones,
542 498 700 582 corrumpi
722 497 936 562 arbitraretur.
980 497 1083 562 Immo
1112 499 1273 582 corrumpi
1295 499 1437 584 negavit

280 609 514 673 concretionem
536 630 655 692 eorum,
678 629 758 691 quae
780 607 1008 672 adnumerum
1031 608 1281 691 concrevissent,
1304 608 1434 689 ςύνκρι-

280 740 328 786 ςιν
349 723 416 786 τῶν
443 720 511 785 κατ’
532 718 681 802 ἀριθμόν,
710 739 805 801 quam
831 739 898 782 non
913 719 1019 782 modo
1049 719 1246 803 corruptioni
1274 738 1343 782 non
1374 719 1433 784 ob·
1523 751 1524 798 3

279 828 426 912 noxiam,
459 850 569 893 verum
597 828 693 893 etiam
720 827 860 892 divinam
895 827 1096 893 existimavit.
1148 827 1250 916 Quae·
1263 827 1433 893 distinctio
1523 815 1524 824 ¹

229 981 231 986 -
281 937 356 1021 quid
378 938 508 1003 tandem
531 938 592 1006 sibi
613 937 764 1022 voluerit,
793 939 938 1023 equidem
959 938 1090 1023 ignoro,
1118 937 1182 1002 nisi
1203 939 1288 1022 forte
1310 937 1433 1004 Metro·

281 1048 376 1112 dorus
404 1050 466 1113 hoc
487 1048 638 1114 senserit:
668 1049 801 1112 alterurn
831 1048 1069 1113 concretionum
1098 1069 1199 1133 genus
1221 1069 1331 1113 revera
1354 1069 1432 1113 con·
1524 1050 1525 1130 ί

281 1160 364 1223 stare
392 1159 426 1222 in
454 1159 643 1242 qualitatum
666 1158 874 1244 (mordenter)
896 1158 1035 1222 mixtura
1056 1160 1151 1242 atque
1179 1179 1249 1222 essa
1271 1160 1431 1240 φθαρτόν,
1524 1143 1525 1176 ³

280 1268 398 1352 quippe
420 1289 492 1332 cum
515 1269 619 1332 omnis
642 1269 775 1349 ποιότης
797 1268 991 1332 immutetur.
1037 1268 1184 1332 Alterum
1206 1289 1319 1352 genus,
1351 1289 1427 1333 con-

276 1378 400 1462 junctio
423 1380 602 1442 atomorum
625 1377 831 1463 qualitatibus
852 1399 918 1442 non
936 1377 1042 1442 mixtis
1048 1421 1068 1460 ‚-
1080 1379 1147 1444 κατ’
1163 1377 1297 1458 ἀριθμόν
1320 1378 1428 1448 solum
1525 1400 1526 1456 λ

280 1487 380 1572 facta,
402 1491 534 1553 vocatur
555 1489 709 1569 ςύνκριςις
731 1493 798 1554 τῶν
820 1489 887 1554 κατ’
909 1489 1044 1570 ἀριθμόν
1066 1487 1102 1571 (i.
1121 1509 1150 1571 q.
1174 1488 1276 1567 ἡκατ’
1291 1489 1428 1570 ἀριθμόν
1525 1467 1526 1500 ³

280 1599 434 1677 ςύνκριςις
456 1619 528 1683 pag.
548 1597 657 1686 118ἳ).
697 1597 759 1662 Sed
780 1618 910 1660 manum
932 1597 1110 1662 detabula.
1155 1596 1430 1698 Quemadmodum

280 1706 482 1772 Metrodorus
519 1706 579 1772 hac
611 1707 816 1772 distinctione
844 1705 977 1791 Epicuri
1014 1707 1188 1772 sententias
1222 1706 1260 1770 de
1295 1705 1429 1774 deorum

281 1817 468 1900 corporibus
491 1817 669 1900 ἀφθάρτοις
690 1817 883 1901 defenderit,
904 1817 1000 1881 nobis
1014 1819 1214 1901 nequaquam
1229 1815 1339 1899 liquet.
1378 1816 1428 1882 Of.
1526 1799 1527 1826 ³

280 1925 415 1991 Metrod.
439 1927 560 2011 scriptt.
582 1928 706 1992 num.4
728 1931 760 1992 et
781 1927 876 2012 Diog.
899 1926 1003 1992 Laert.
1027 1925 1067 2009 X,
1089 1927 1132 1992 39
1146 1946 1232 2010 seqq.
1255 1927 1298 1991 54
1312 1919 1400 2010 seqq.

620 2121 663 2188 B.
707 2121 924 2206 Fragmenta
946 2121 1082 2188 ethica.

834 2275 877 2329 11.

356 2385 360 2394 '
433 2375 519 2442 Sext.
542 2375 664 2460 Empir.
688 2376 757 2441 adv.
780 2377 879 2442 math.
903 2375 928 2461 1,
952 2375 1002 2442 61.

366 2487 450 2567 Αὐτὴ
473 2488 531 2567 μέν
553 2488 615 2567 γὰρ
638 2487 782 2568 ἐμπειρία
803 2488 887 2569 τριβ’
914 2487 978 2553 ἐςτι
1000 2489 1052 2554 καλ
1072 2488 1214 2567 ἐργάτις,
1237 2485 1373 2566 ἄτεχνός
1395 2507 1430 2551 τε

282 2597 333 2661 καί
347 2596 484 2680 ἄλογος,
506 2597 542 2663 ἐν
558 2599 637 2681 ψιλῇ
653 2598 865 2684 παραιήρήςει
880 2598 932 2663 καί
946 2597 1158 2682 ςυγγυμναςίᾳ
1173 2597 1299 2677 κειμένη
1315 2633 1354 2643 -
1372 2595 1431 2677 ἀφ’

281 2705 381 2786 ἢςπερ
404 2706 533 2772 ἐννοίας
549 2707 600 2771 καὶ
615 2707 634 2772 ό
650 2707 870 2786 Μητρόδωρος
892 2707 970 2788 ἐφη·
995 2708 1148 2789 μηδεμίαν
1170 2707 1270 2786 ἄλλην
1286 2705 1428 2785 πραγμά·

280 2836 346 2881 των
368 2816 533 2895 ἐμπειρίαν
550 2817 599 2896 ,τὸ
622 2816 736 2896 ἑαυτῆς
756 2817 851 2882 τέλος
873 2822 1031 2900 ςυνορᾷν,
1058 2819 1077 2896 ἢ
1099 2819 1314 2898 φιλοςοφίαν,
1343 2817 1428 2881 τοῦτ’

282 2925 345 2992 ἐςτι
367 2925 520 3007 μηδεμίαν
543 2927 670 3006 τέχνην.

364 3144 528 3209 Fabricius
552 3144 637 3208 adh.
653 3144 674 3208 l.
697 3145 732 3209 in
754 3145 883 3210 scholiis
906 3145 946 3210 ad
961 3145 1153 3229 Dionysium
1166 3145 1322 3210 Thracem
1344 3146 1428 3210 idem

280 3254 325 3318 ait
351 3254 483 3338 reperiri
509 3253 735 3338 fragmentum.
786 3254 875 3331 Quae
897 3255 1019 3320 scholia
1040 3259 1117 3320 tunc
1144 3255 1264 3320 inedita
1294 3256 1428 3340 (primus

281 3363 328 3428 ed.
357 3363 526 3428 Villoison.
558 3365 680 3430 Anecd.
710 3364 762 3450 ΙΙ)
801 3366 974 3430 secundum
1007 3364 1143 3430 Bekker.
1172 3365 1293 3430 Anecd.
1327 3387 1374 3451 gr.
1397 3364 1428 3429 II

280 3460 354 3558 pag]
371 3473 431 3538 731
457 3476 532 3537 sunt
545 3473 675 3539 haecce:
698 3477 822 3555 Ἕτεροι
837 3477 873 3542 δὲ
896 3476 984 3541 οὕτω
1000 3477 1098 3557 φαςὶν
1121 3475 1170 3540 ότι
1192 3477 1303 3555 τὸτῆς
1325 3475 1429 3556 ἐμπει-

279 3585 349 3664 ρίας
378 3583 482 3664 ὄνομα
502 3585 647 3651 τέτακται
669 3588 720 3651 καὶ
747 3587 800 3651 ἐπί
821 3590 877 3666 τῆς
897 3588 1011 3667 τέχνης
1033 3585 1224 3666 ἀδιαφόρως
1247 3585 1338 3670 [ὑπὸ]
1368 3590 1428 3652 τοῦ

279 3694 366 3774 βίου,
388 3698 456 3759 τῶν
478 3694 587 3760 αὐτῶν
610 3695 781 3775 ἐμπειρίαν
796 3717 830 3762 τε
846 3697 898 3762 καί
917 3701 1072 3776 τεχνικῶν
1095 3695 1358 3781 ὀνομαζομένων,
1383 3695 1427 3761 ὥς

281 3803 357 3885 φηςί
379 3826 443 3871 που
465 3805 517 3870 καὶ
541 3806 774 3885 Μητρόδωρος·
802 3806 954 3887 μηδεμίαν
977 3807 1079 3886 ἄλλην
1101 3806 1301 3886 πραγμάτων
1323 3807 1427 3887 ἐμπει·

279 3916 351 3995 ρίαν
373 3917 410 3981 τό
433 3915 547 3994 ἑαυτῆς
568 3915 661 3981 τέλος
683 3921 822 3999 ςυνορᾷν
849 3917 870 3996 ἢ
893 3915 1107 3998 φιλοςοφίαν,
1137 3919 1224 3982 τοῦτ’
1248 3918 1311 4003 ἐιιζι
1333 3923 1427 3999 μηδε-

279 4025 352 4106 μίαν
373 4027 501 4106 τέχνην.

364 4133 543 4200 Scholiasta
564 4132 671 4199 hausit
693 4156 710 4199 e
732 4134 828 4201 Sexto
852 4135 927 4222 (vid.
944 4115 1080 4200 Baiter.
1097 4134 1117 4198 l.
1135 4135 1189 4220 α),
1213 4138 1302 4221 cujus
1323 4137 1420 4203 verba

207 4279 209 4282 ·
279 4244 472 4327 explicantia
489 4240 585 4310 ’τοῦτ’
607 4245 670 4310 ἐςτι
692 4249 757 4311 κτλ.
784 4268 803 4309 a
824 4245 1009 4310 Metrodoro
1039 4244 1145 4309 addita
1167 4246 1301 4329 putavit.
1347 4246 1423 4313 Sen-

278 4353 380 4419 tentia
399 4375 457 4438 per
479 4375 513 4418 se
534 4354 702 4438 perspicua
722 4357 882 4420 auctorem
903 4354 1096 4439 Epicureum
1119 4354 1197 4418 satis
1219 4356 1343 4440 prodit:
1366 4356 1427 4422 Ex-
