3066 4914
756 295 943 357 „6-

274 467 420 550 Namque
443 465 676 546 Metrodorum,
705 463 848 550 quamvis
871 463 1036 528 Ciceronis
1067 465 1100 528 et
1122 463 1290 528 Strabonis
1318 467 1438 530 aetate

275 599 347 642 eum
367 567 600 641 Atheniensem
622 577 722 640 fuisse.
743 574 904 639 neminem
925 573 1054 660 fugerit,
1077 574 1329 658 Lampsacenum
1351 597 1436 659 pro-

275 690 386 772 pterea
401 689 433 751 et
447 686 568 750 dictum
585 689 617 750 et
631 686 776 750 habitum
792 706 860 749 esse
876 687 1070 768 asseverem,
1085 685 1171 768 quod
1185 685 1240 749 diu
1255 684 1437 770 Lampsaci

276 777 373 862 fuerit
387 800 547 879 versatus,
564 797 646 860 siout
660 795 836 879 Epicurum
851 796 973 876 τρόπον
989 797 1061 862 τινὰ
1075 797 1293 876 Λαμψακηνόν
1309 795 1438 860 dixerit

277 907 393 972 Strabo
421 907 441 970 l.
463 907 484 971 l.
529 905 598 981 Quo
625 906 746 969 factum
774 927 857 988 esse,
887 907 923 968 ut
951 905 991 970 ab
1020 905 1130 970 eodem
1154 904 1311 970 Strabone
1340 907 1437 970 inter

277 1018 357 1082 alios
380 1038 489 1081 revera
503 1015 738 1100 Lampsacenos
761 1015 858 1080 etiam
873 1014 1074 1081 Metrodorus
1095 1015 1331 1099 Lampsacenus
1354 1039 1434 1102 per-

275 1127 439 1191 hiberetur
451 1129 488 1210 c).
519 1125 601 1190 Item
616 1129 744 1210 praeter
758 1125 906 1192 Jonsium
929 1127 1026 1190 etiam
1041 1126 1205 1190 Fabricius
1213 1176 1222 1209 ,
1244 1127 1432 1207 ErnestiuS,

277 1236 467 1302 Kuehnerus
496 1237 611 1320 aliique
633 1236 694 1300 viri
717 1236 803 1300 docti
830 1237 1025 1301 recentiores
1053 1237 1212 1320 sentiunt,
1241 1258 1320 1321 quos
1350 1259 1433 1301 enu-

277 1369 398 1412 merare
432 1346 565 1430 longum
597 1349 659 1426 est,
694 1346 750 1410 sed
782 1367 892 1410 omnes
925 1347 1069 1431 profecto
1103 1347 1209 1411 minus
1241 1347 1431 1430 prudenter.

278 1459 421 1524 Primum
455 1456 540 1520 enim
574 1456 658 1540 apud
686 1455 877 1522 Strabonem
905 1457 985 1520 illud
1007 1459 1131 1538 τρόπον
1159 1460 1230 1524 τινὰ
1260 1457 1364 1521 101010
1389 1457 1432 1521 ad

278 1569 454 1653 Epicurum
475 1567 621 1630 refertur.
666 1565 746 1630 Tum
770 1567 797 1631 si
812 1567 1013 1631 Metrodorus
1035 1589 1144 1632 revera
1164 1567 1230 1633 fuit
1248 1567 1432 1638 Athenien-

155 1675 156 1678 '
279 1679 338 1761 sis,
366 1678 461 1761 plane
483 1698 552 1742 non
574 1677 690 1761 liquet,
719 1677 795 1760 quid
818 1677 879 1742 sibi
906 1677 1044 1741 voluerit
1066 1678 1262 1762 comparatio
1289 1677 1431 1742 111001-

280 1788 419 1870 0010011,
454 1787 571 1874 quippe
594 1807 688 1871 quem
716 1789 784 1851 tam
811 1788 920 1871 inepte
943 1791 976 1852 et
1003 1786 1239 1853 inconsiderate
1262 1787 1430 1871 scripsisse

279 1898 369 1963 nullo
391 1899 485 1981 pacto
517 1918 588 1960 cum
610 1895 761 1962 Tischero
792 1897 1043 1981 consentiamus,
1072 1897 1111 1962 ad
1133 1897 1219 1964 hunc
1241 1897 1347 1962 locum
1371 1919 1429 1961 an-

169 2065 171 2069 ,
279 2011 429 2091 notante,
465 2007 736 2090 comparationem
764 2007 803 2071 ad
831 2008 1032 2092 propositum
1061 2008 1334 2092 comprobandum
1361 2028 1430 2073 000

180 2189 182 2192 ,
281 2141 350 2183 0110
366 2121 488 2202 eptam,
511 2117 766 2201 quandoquidem
779 2118 980 2183 Metrodorus
1003 2119 1099 2182 fuerit
1113 2117 1332 2182 Atheniensis.
1376 2117 1430 2182 En

280 2231 392 2294 notam
420 2231 545 2292 acutam
568 2229 711 2312 beneque
741 2229 969 2314 excogitatam!
1000 2226 1186 2293 Ciceronem
1213 2227 1428 2292 1111οΜ0110-

282 2341 394 2404 dorum
417 2340 463 2403 sio
486 2359 558 2403 cum
573 2338 713 2423 Epicuro
737 2339 889 2404 collatum
913 2339 1053 2422 ejusdem
1077 2337 1267 2422 discipulum
1289 2339 1428 2423 intelligi

282 2451 420 2536 voluisse
443 2472 480 2514 ex
503 2449 602 2532 ipsius
625 2471 685 2512 usu
708 2452 850 2532 apparet.
893 2447 978 2514 Nam
1002 2449 1070 2516 solo
1092 2447 1268 2514 Metrodori
1297 2450 1427 2542 nomine

282 2562 415 2645 ubique,
438 2538 570 2643 excepta
592 2558 730 2642 epistula
752 2559 791 2622 ad
814 2559 966 2623 Tironem
988 2559 1112 2644 (epistt.
1137 2559 1177 2622 ad
1192 2558 1316 2624 Divers.
1340 2559 1426 2642 XVI,

282 2671 361 2756 10),
394 2671 448 2734 ubi
477 2669 634 2734 medicum
664 2668 837 2757 quendam,
870 2672 907 2731 ut
933 2669 1072 2752 videtur,
1107 2669 1146 2733 de
1180 2670 1291 2733 amicis
1318 2670 1428 2734 leviter

282 2782 404 2866 tangit,
433 2780 524 2844 111010
530 2830 539 2863 ,
568 2780 606 2844 de
629 2801 691 2863 quo
713 2768 773 2844 nos
796 2772 936 2864 agimus,
960 2778 1107 2862 denotat,
1136 2779 1277 2864 alioquin
1299 2779 1426 2862 addens,

284 2893 422 2976 cujatem
444 2890 539 2954 dicat.
585 2889 697 2973 Neque
719 2893 828 2953 tamen
851 2889 1033 2972 defuerunt,
1064 2890 1118 2973 qui
1139 2889 1357 2956 Metrodorum
1378 2891 1427 2954 vel

285 3002 573 3078 Stratonicensem,
602 3000 653 3063 vel
675 2999 786 3083 etiam,
814 3003 851 3062 01
871 2999 1054 3084 Ε10011101,
1078 2999 1241 3084 Scepsium
1264 2999 1425 3064 Mithrida-

284 3113 326 3176 tis
353 3111 383 3175 V
411 3098 647 3194 Eupatorisqne
681 3109 878 3193 temporibus
910 3109 1079 3174 florentem
1107 3109 1333 3195 intelligerent.
1378 3112 1423 3176 Of.

285 3222 400 3287 Moser.
423 3221 463 3284 ad
486 3219 550 3284 cio.
573 3219 714 3292 Tuscull.
736 3219 849 3304 Dispp.
873 3221 894 3283 l.
918 3219 939 3284 l.

371 3330 433 3396 Sed
451 3331 520 3414 jam
542 3351 712 3414 pergamus
735 3331 774 3394 ad
796 3331 903 3413 ipsum
925 3328 1081 3415 Diogenis
1103 3331 1221 3394 locum.

370 3439 564 3504 illustriores
586 3439 719 3525 Epicuri
746 3440 918 3524 discipulos
942 3462 1010 3506 sese
1036 3441 1267 3506 recensiturum
1296 3441 1425 3526 scriptor

286 3555 354 3638 ipse
381 3549 549 3636 praedicit:
578 3554 717 3630 μαθητὰς
739 3589 780 3599 —-
803 3553 928 3634 εφόδρα
956 3556 991 3618 δὲ
1014 3553 1212 3632 ἐλλογίμους.
1257 3551 1424 3616 Metrodori

286 3661 449 3727 mentione
470 3662 555 3726 facta
569 3661 766 3745 Polyaenum
787 3662 935 3746 producit
949 3666 982 3727 et
996 3661 1238 3726 Hermarchum.
1268 3659 1329 3736 eui
1344 3685 1423 3746 prae-

287 3778 336 3838 ter
357 3772 416 3836 hos
439 3773 565 3853 (φόδρα
586 3772 776 3853 ἐλλογίμου(
804 3772 999 3837 inducuntur
1020 3773 1184 3851 ἐλλόγιμοι
1208 3771 1245 3856 (ξ
1268 3772 1310 3836 25
1331 3773 1425 3836 meda

287 3886 338 3948 καὶ
354 3881 444 3948 οὗτοι
460 3884 517 3960 μὲν
533 3882 727 3970 ἐλλόγιμοι),
751 3883 774 3946 11
796 3883 875 3946 10011
897 3883 1073 3947 innumeris
1095 3881 1179 3965 apud
1200 3881 1376 3967 Diogenem
1395 3887 1423 3947 et

288 3991 494 4057 Plutarchum
515 3993 635 4076 pariter
657 3995 751 4076 atque
773 3993 807 4057 in
828 3992 1053 4058 Voluminibus
1069 3991 1361 4058 Herculanensibus
1381 3994 1421 4058 in-

356 4259 376 4324 ο)
395 4255 436 4310 De
456 4255 622 4324 argumento
640 4271 658 4312 a
674 4253 846 4324 Timocrate,
868 4255 1029 4312 Metrodori
1039 4253 1140 4320 fratre,
1158 4255 1280 4324 repet'to
1297 4255 1368 4310 infra
1386 4257 1421 4310 di-

289 4357 392 4396 cemus.
