3066 4914
757 281 1014 344 4„

274 457 399 519 verunt.
430 453 476 516 At
490 452 589 536 unde,
612 472 748 535 quaeso,
771 451 834 514 ista
849 451 946 514 verbe
960 449 1022 514 hue
1037 449 1129 514 illata
1144 449 1231 514 sint?
1254 449 1452 534 Perperam
1502 441 1503 504 Ϊ

183 553 188 557 ’
276 568 416 630 ceterum
445 562 627 628 Gassendus
650 563 840 642 ἐλλογίμου(
867 562 971 626 mutat
997 561 1030 624 in
1059 561 1246 642 ἐλλόγιμον,
1274 563 1311 623 ut
1341 562 1451 644 patet

276 698 315 741 ex
342 674 437 759 Diog.
465 673 569 737 Laert'.
598 671 678 756 VII,
706 673 762 738 36:
800 673 933 752 μαθηταὶ
961 673 996 736 δὲ
1024 673 1181 751 Ζήνωνοτ
1209 673 1331 736 πολλοὶ
1364 673 1448 754 μὲν,

277 786 416 853 ἔνδοξοι
449 787 485 850 δὲ
512 785 678 864 Περιαῖοτ
707 786 774 848 κτλ.
824 781 936 864 Itaque
971 780 1117 864 equidem
1150 802 1218 844 non
1247 780 1357 844 solum
1399 780 1447 846 ab
1502 769 1503 862 t

277 895 465 978 Huebnero,
499 913 593 958 voces
621 894 791 974 Ἀθηναῖον
820 894 852 956 ολ
881 891 1005 972 (άνδην
1036 893 1201 974 corruptas
1228 911 1297 955 esse
1327 891 1447 974 suspi-
1502 863 1503 954 t

278 1008 386 1089 cante,
415 1003 674 1086 non'dissentiO,
704 1023 814 1066 verum
837 1002 933 1066 etiam
955 1003 989 1064 in
1011 1022 1089 1066 voee
1111 1003 1310 1083 Τιμοκράτην
1335 1000 1444 1065 libra·
1502 1065 1503 1102 ,

278 1117 344 1182 rios
366 1115 520 1180 erravisse
543 1109 700 1198 existimo.
1359 1115 1361 1119 ’

363 1225 437 1290 Μοο
465 1226 630 1308 praeterea
653 1221 774 1306 judicio
798 1221 960 1306 Diogenes
989 1221 1051 1286 hoe
1080 1223 1151 1287 loeo
1180 1243 1300 1287 nomen
1327 1221 1443 1306 patris

279 1335 454 1401 Metrodori
480 1355 547 1398 non
569 1325 674 1396 minus
697 1331 844 1416 tradidit,
874 1353 969 1415 quam
991 1331 1145 1415 Polyaeni
1174 1334 1207 1396 et
1227 1330 1439 1396 Hermarchi.

179 1441 210 1510 ’.
281 1445 385 1524 Quid?
408 1444 465 1508 ubi
484 1443 522 1508 de
537 1442 677 1507 hominis
693 1441 832 1526 Epicuro
857 1433 1043 1507 amicissimi
1064 1442 1158 1506 rebus
1181 1441 1262 1527 egit,
1284 1463 1367 1506 num
1392 1441 1441 1506 ibi

280 1556 459 1642 neglexerit
480 1555 623 1638 patrem?
653 1551 722 1629 Quo
745 1552 885 1635 aceedit',
915 1552 1001 1636 quod
1029 1553 1096 1636 ejus
1124 1574 1242 1616 nornen
1269 1573 1439 1636 nusquam

151 1677 152 1680 ’
281 1666 358 1730 alibi
378 1665 462 1750 apud
473 1663 654 1748 Diogenem
675 1662 846 1728 invenitur.
884 1662 1024 1727 Proinde
1038 1684 1097 1747 pro
1113 1665 1297 1744 Ἀθηναῖον
1321 1663 1438 1747 utique

281 1777 459 1858 Ἀθηναίου
481 1772 713 1838 restituendum
735 1775 792 1838 est.
918 1794 922 1800 ·

367 1884 556 1950 Timocratis
583 1905 786 1966 nomenque
809 1886 903 1966 pecto
932 1884 1051 1947 servari
1078 1887 1202 1968 posset,
1229 1905 1356 1950 meeum
1379 1883 1435 1948 diu

282 1995 469 2080 meditatus,
496 1993 626 2060 tandem
648 1993 801 2079 cognovi,
831 1992 1030 2058 Gassendum
1052 1997 1137 2058 reete
1159 1994 1376 2078 perspexisse,
1401 1994 1434 2058 id

283 2106 345 2171 hoe
372 2106 443 2170 loco
472 2105 548 2170 ferri
575 2125 642 2168 non
668 2125 773 2188 posse.
817 2103 930 2186 Neque
958 2104 1044 2168 enim
1071 2104 1185 2187 liquet,
1216 2126 1279 2187 qua
1304 2105 1433 2168 ratione

284 2217 481 2282 Timocrates
509 2215 562 2280 hic
589 2217 782 2279 memoratus
811 2213 853 2277 sit
859 2263 868 2296 ,
897 2214 1085 2297 praesertim
1107 2236 1180 2279 eum
1207 2215 1242 2278 in
1264 2215 1327 2279 fine
1355 2215 1432 2296 §23

283 2327 378 2392 nobis
400 2326 515 2391 iterum
538 2329 698 2408 occurret,
721 2325 776 2389 ubi
797 2327 951 2407 tanquam
972 2325 1007 2388 in
1028 2327 1213 2390 transcursu
1233 2325 1317 2390 haud
1340 2349 1429 2392 secus

285 2436 455 2522 attingitur
476 2458 512 2500 ae
534 2437 562 2500 si
590 2458 609 2498 a
631 2435 785 2518 scriptore
813 2437 908 2498 antea
934 2435 1101 2518 neglectus
1129 2435 1305 2502 inducatur.
1349 2437 1430 2502 Tum

285 2547 330 2611 ibi
352 2546 479 2610 demum
501 2545 600 2610 frater
616 2545 792 2609 Metrodori
814 2547 1025 2627 memoratur,
1048 2545 1132 2628 quod
1152 2545 1259 2630 potius
1277 2549 1345 2631 jam
1359 2547 1428 2612 loco

285 2660 395 2721 nostro
418 2657 540 2721 factum
562 2654 786 2738 exspectabaS,
816 2654 843 2718 si
865 2653 993 2737 quidem
1015 2654 1205 2720 Timocratis
1226 2678 1345 2721 nomen
1366 2680 1427 2722 ser-

285 2767 424 2831 vandum
450 2768 590 2850 putatur.
634 2764 723 2850 Ergo
752 2763 837 2848 quod
865 2764 982 2848 legitur
1010 2765 1086 2846 §23
1115 2769 1365 2848 προειρημένον,
1395 2768 1427 2832 id

286 2877 326 2942 ad
341 2876 416 2961 X‚e
438 2876 566 2941 referas.
587 2913 630 2924 -
653 2874 715 2939 Sed
738 2874 828 2958 quid,
852 2895 985 2958 quaeso,
1008 2874 1124 2940 dixerit
1138 2876 1323 2962 Diogenes?
1344 2878 1426 2944 Num

286 2967 354 3052 veri
382 2990 432 3051 est
458 2985 577 3069 simile,
606 3007 725 3049 nomen
752 2986 950 3067 Τιμοκράτην
979 3006 995 3049 e
1023 2994 1117 3070 voce,
1147 3009 1227 3070 quae
1250 2991 1342 3052 antea
1362 2989 1425 3072 ejus

287 3098 393 3162 locum
422 3095 603 3177 obtinebat,
637 3095 734 3180 longe
768 3095 831 3158 alia
863 3095 1022 3160 evasisse?
1060 3095 1240 3182 Legebatur
1267 3119 1342 3164 sane
1368 3121 1424 3164 vox

286 3207 367 3290 alia,
390 3205 465 3270 talis
480 3207 605 3288 tamen,
628 3227 744 3289 exque
765 3205 859 3270 lectio
884 3206 1014 3290 vulgata
1033 3207 1126 3271 facile
1148 3207 1258 3296 potuit
1275 3229 1422 3274 emanare.

374 3316 537 3393 Quaenam
560 3337 597 3380 ea
618 3316 729 3398 fuerit,
752 3315 812 3380 tibi
834 3316 943 3380 statim
963 3316 1101 3400 patebit,
1124 3317 1296 3382 dummodo
1310 3317 1422 3382 litteras

290 3426 409 3492 codicis
422 3447 520 3490 manu
535 3427 645 3509 scripti
665 3427 854 3510 majusculas
877 3429 951 3491 ante
974 3427 1082 3492 oeulos
1097 3429 1311 3511 proposueris.
1339 3427 1422 3494 Subit

290 3536 374 3600 enim
390 3535 532 3616 animum
549 3536 716 3620 cogitatio,
738 3559 805 3602 non
820 3539 945 3602 tantum
959 3559 1079 3602 nomen
1093 3537 1209 3622 patris,
1234 3537 1289 3602 sed
1304 3539 1420 3622 insuper

290 3646 401 3711 matris
423 3645 599 3711 Metrodori
620 3646 799 3732 Diogenem
827 3648 1012 3732 tradidisse,
1040 3648 1124 3712 sieut
1149 3669 1214 3712 una
1241 3669 1313 3712 eum
1332 3650 1418 3734 patris

289 3756 421 3840 Epicuri
447 3757 577 3822 nomine
605 3757 734 3822 Neoclis
769 3758 865 3822 etiam
892 3759 1002 3823 matris
1031 3757 1272 3824 Chaerestratee
1300 3759 1417 3844 legimus

291 3867 330 3952 X,
352 3868 380 3932 1.
419 3865 453 3932 si
476 3869 546 3950 quis
569 3889 643 3933 vero
665 3869 812 3954 miretur,
834 3872 902 3934 tam
924 3869 1099 3954 singularia
1121 3869 1160 3936 de
1181 3867 1359 3934 Metrodoro
1377 3892 1416 3934 re-

290 3977 356 4042 late
384 3999 466 4062 esse,
501 3979 546 4063 is,
581 4001 699 4062 quaeso
706 4029 715 4063 ,
749 3979 845 4044 etiam
876 3978 1001 4044 libriX
1028 3979 1168 4062 amplum
1201 4001 1278 4062 pree
1305 3980 1416 4064 reliquis

291 4087 445 4152 ambitum
467 4089 626 4172 respiciat.
670 4089 803 4174 Repono
830 4089 929 4176 igitur
950 4088 1121 4154 lectionem
1142 4090 1415 4169 ΤΙΜΟΚΡΑῙΕΙΑΕ,

292 4219 386 4280 quae,
415 4219 509 4281 quem
530 4198 624 4264 facile
645 4199 714 4262 fieri
741 4199 881 4284 potuerit
902 4200 1176 4282 ΤΙΜΟΚΡΑΤΗΝ,
1205 4199 1414 4264 eruditissimus

293 4307 424 4391 quisque
446 4308 533 4374 illico
556 4308 725 4393 intelligat.
766 4309 829 4374 Pro
853 4311 877 4375 Η
902 4330 1128 4392 saepenumero
1151 4311 1181 4376 ΕΙ
1205 4308 1414 4376 restituendum
