3066 4914
560 355 772 418 ..23-

69 527 242 613 negabat,
273 525 335 590 uisi
364 525 434 608 ipsa
461 525 632 608 malorum,
663 547 743 608 quae
764 547 933 609 perpessus
957 515 1055 609 esset,
1084 527 1237 591 memoria

70 660 115 702 ex
137 637 253 702 animo
274 637 375 721 ejecta
389 638 422 700 et
436 656 559 717 earum,
582 635 696 719 quibus
717 637 811 700 antea
830 635 952 700 fructus
973 639 1070 718 esset,
1093 635 1237 721 volupta-

72 752 149 810 tum
181 749 371 827 conservata
398 766 615 828 novarumque
648 765 704 829 spe
731 748 894 828 concepta.
944 743 1051 828 Ipsam
1080 766 1155 810 vero
1183 767 1236 810 vc-

71 858 242 941 luptatem
266 859 378 940 cuique
400 853 612 939 philosophus
634 876 701 918 non
722 855 828 918 minus
851 855 939 920 ducit
965 855 1177 941 appetendam
1199 878 1235 920 ac

72 968 209 1032 firmam
232 965 432 1050 validamque
449 965 592 1049 corporis
616 964 878 1032 constitutionem
900 965 1066 1049 tuendam,
1088 988 1151 1050 quo
1166 968 1235 1051 per-

74 1077 200 1142 fectior
226 1078 376 1141 nascatur
397 1078 463 1140 tam
491 1075 652 1159 voluptas,
681 1077 792 1158 utpote
820 1097 900 1159 quae
922 1078 991 1140 tota
1016 1076 1174 1141 referatur
1195 1077 1235 1140 ad

74 1209 215 1272 corpuS,
246 1209 339 1270 quam
362 1186 418 1252 illa
440 1189 497 1266 τῆς
519 1189 624 1265 ψυχῆς
647 1187 799 1265 ἀταραξία
822 1184 931 1271 (Diog.
956 1185 1059 1250 Laert.
1083 1185 1123 1269 X,
1148 1186 1234 1272 128).

75 1296 299 1372 Quamobrem
333 1294 549 1360 Metrodorum
584 1294 863 1360 animadvertimus
898 1294 938 1359 ad
967 1317 1080 1380 corpus
1108 1295 1235 1380 potissi-

76 1429 169 1472 mum
193 1406 408 1474 Timocratem
430 1425 578 1469 revocare
606 1409 701 1489 atque
723 1405 868 1490 gloriari,
898 1427 931 1472 se
953 1405 993 1470 ab
1015 1404 1157 1490 Epicuro
1179 1406 1234 1487 ὀρ-

76 1523 145 1584 θῶς
168 1510 283 1598 suern
300 1518 478 1596 xuotZecbur
501 1514 577 1600 (vid.
594 1513 729 1580 Metrod.
746 1515 861 1600 fragm.
875 1514 970 1600 XIII)
993 1515 1151 1581 didicisse.
1189 1517 1235 1579 At

77 1629 177 1691 istam
206 1627 325 1690 bonam
353 1625 538 1709 firmamque
567 1625 709 1709 corporis
732 1625 994 1690 constitutionem
1024 1625 1063 1690 ad
1085 1627 1233 1707 εὐδαιμο-

77 1740 153 1804 νίαν
175 1736 387 1802 necessariam
410 1757 477 1800 non
506 1736 701 1801 servabimus
724 1735 787 1800 nisi
808 1735 890 1800 bene
913 1735 1072 1818 viventes,
1103 1735 1234 1802 edentes

74 1847 220 1932 jucunde
248 1849 281 1910 et
307 1845 453 1912 bibentes
475 1846 595 1910 unum.
640 1845 732 1911 Circa
753 1849 896 1910 vennam
925 1848 974 1909 est
996 1846 1132 1929 bonum,
1161 1849 1234 1926 περὶ

78 1959 221 2038 γαετέρα
247 1960 285 2022 τὸ
313 1957 445 2035 ἀγαθόν.
489 1955 591 2032 Quam
619 1956 810 2020 sententiam
844 1957 881 2018 ut
907 1955 1006 2020 ferret
1032 1955 1233 2022 Metrodorus

80 2068 225 2133 crebrius
247 2088 359 2131 vocem
381 2069 499 2147 γαετήρ
521 2087 696 2149 usurpans,
720 2065 839 2130 idcirco
862 2065 982 2130 factum
1004 2067 1232 2151 existimamus

80 2200 142 2262 quo
167 2177 282 2242 melius
304 2176 459 2255 declaret,
487 2197 586 2260 penes
613 2179 741 2240 nosmet
767 2177 855 2259 ipsos
879 2197 1006 2240 causam
1029 2197 1098 2240 esse
1126 2179 1231 2244 εὐδαι-

81 2289 195 2367 μονία(
216 2287 438 2372 adipiscendae
453 2286 677 2372 principalem,
700 2308 761 2350 nec
782 2285 865 2350 idem
882 2286 986 2350 valere
1001 2307 1052 2350 res
1075 2290 1230 2370 externas,

82 2398 227 2482 quamvis
250 2400 282 2462 et
303 2397 392 2482 ipsae
414 2397 455 2461 ad
477 2417 592 2481 corpus
614 2396 803 2480 pertineant.

165 2508 255 2573 Haec
269 2511 379 2572 tamen
393 2507 606 2590 Timocratem
622 2506 784 2572 dubitasse
806 2509 839 2570 et
852 2505 960 2590 potius
983 2507 1136 2590 sensisse,
1158 2509 1231 2592 plus

83 2620 186 2684 valere
209 2619 430 2702 εὐδαιμονίαν,
453 2639 533 2701 quae
555 2617 590 2682 in
609 2617 704 2682 rebus
727 2615 882 2700 externis,
906 2638 1001 2700 quam
1016 2637 1096 2700 quae
1117 2616 1152 2680 iu
1173 2639 1231 2682 no-

83 2730 198 2794 bismet
224 2728 302 2812 ipsis
330 2729 428 2811 esset,
457 2729 525 2790 tum
548 2748 587 2791 ex
608 2725 784 2791 Metrodori
812 2726 1047 2792 enunciatiouis
1074 2727 1231 2812 gravitate

83 2841 184 2924 patet,
207 2840 277 2902 tum
299 2860 338 2903 ex
359 2839 434 2923 illo,
457 2859 519 2920 quo
542 2836 754 2900 Timocratem
777 2835 965 2920 alloquitur,
990 2835 1144 2902 vocabulo
1167 2860 1228 2918 ‹pu-

84 2951 229 3027 αολόγο(
253 2948 328 3034 (vid.
344 2946 480 3012 Metrod.
502 2946 649 3033 fragmrn.
672 2967 760 3010 num.
775 2943 831 3012 VI.
848 2943 943 3032 Vll),
967 2945 1168 3031 significante
1191 2968 1229 3010 eo

85 3059 225 3142 quidem,
247 3058 340 3122 illum
360 3058 432 3141 plus
455 3057 603 3122 tribuisse
624 3056 718 3122 rebus
741 3055 897 3138 externis,
919 3078 1013 3139 quam
1036 3056 1171 3140 corpori.

164 3168 235 3233 Hoc
257 3169 363 3252 ipsum
378 3167 578 3232 Metrodorus
601 3167 747 3251 exposuit
768 3166 804 3230 in
824 3165 924 3247 libro,
947 3187 1041 3249 quem
1062 3165 1230 3250 inscripsit

85 3283 233 3360 περὶτοῦ
255 3281 386 3360 μείζονα
408 3278 491 3345 είναι
513 3280 571 3356 τήν
593 3278 669 3359 παρ’
690 3278 771 3356 ὴμᾶε
792 3277 894 3342 αἰτίαν
916 3277 1001 3357 πρὸ(
1022 3276 1228 3356 εὐδαιμονίαν

86 3394 137 3468 τῆς
163 3389 197 3454 ἐκ
225 3395 291 3455 τῶν
318 3389 514 3469 πραγμάτων
543 3387 625 3472 (vid.
648 3385 784 3451 Metrod.
808 3385 931 3476 scriptt.
954 3407 1042 3451 num.
1058 3386 1116 3473 8),
1144 3388 1228 3452 unde

87 3519 152 3563 eum
175 3501 287 3563 contra
309 3498 521 3564 Timocratem
543 3498 642 3564 fuisse
664 3496 877 3581 compositum
898 3496 993 3561 facile
1017 3497 1178 3581 conjicias.

164 3609 333 3674 Nescimus
355 3611 475 3692 autem,
497 3630 574 3673 num
593 3607 671 3674 haec
693 3606 873 3672 differentia
887 3607 984 3671 fuerit
1005 3606 1088 3690 sola,
1110 3629 1153 3672 an
1176 3628 1227 3672 ex-

88 3719 221 3786 stiterint
242 3719 359 3803 plures.
403 3718 540 3806 Etiamsi
562 3719 648 3783 enim
661 3716 794 3801 Epicuri
816 3717 897 3782 liber
919 3715 1047 3803 aDiog.
1063 3715 1169 3782 Laert.
1185 3716 1226 3801 X,

90 3829 124 3894 18
143 3828 288 3894 laudatus
310 3831 382 3909 περὶ
404 3834 517 3896 παθῶν
538 3830 631 3898 δόξαν
652 3830 734 3908 πρὸ(
749 3828 947 3909 Τιμοκράτην
968 3826 1154 3892 inscribitur
1176 3827 1227 3913 (ut

89 3941 147 4004 sint
167 3938 405 4026 conjungenda,
429 3960 509 4023 quae
527 3939 676 4004 nonnulli
696 3939 813 4022 putant
833 3935 1040 4021 separanda),
1063 3943 1171 4002 tamen
1187 3939 1226 4002 de

88 4049 371 4132 perturbationibus
395 4049 537 4134 quaestio
561 4070 630 4114 oum
654 4048 711 4113 illa
732 4048 772 4112 de
795 4069 889 4112 causa
911 4047 1114 4130 εὐδαιμονία(
1137 4050 1223 4112 arcte

90 4159 242 4245 cohaeret,
265 4159 421 4244 siquidem
442 4159 536 4224 rebus
558 4159 696 4224 externis
717 4159 872 4244 magister
892 4157 1148 4241 perturbationes
1170 4179 1224 4222 au·

90 4270 149 4353 geri
170 4269 327 4334 censebat.
607 4338 609 4342 ,
950 4329 953 4336 .

163 4379 274 4462 Neque
312 4402 395 4444 nova
430 4381 515 4443 inest
550 4379 708 4444 discordia
745 4380 778 4442 in
812 4401 866 4463 eo,
904 4377 988 4462 quod
1021 4376 1223 4442 Metrodorus
