3066 4914
766 577 862 634 XXV.

394 714 485 780 Stob.
508 713 600 778 floril.
624 713 675 798 62,
697 713 748 777 44.

285 827 519 906 Μητρόδωρος·

325 938 458 1002 Δοῦλος
480 935 657 1013 ἀναγκαῖον
680 936 736 1015 μὲν
759 940 875 1018 κτῆμα,
898 935 960 1015 οὐχ
982 936 1041 1015 ἡδὺ
1055 937 1108 1001 ’δέ.

325 1155 375 1220 De
398 1155 549 1220 servitute
571 1155 646 1238 quid
661 1154 813 1239 Epicurei
836 1155 1103 1237 existimaverint,
1126 1156 1187 1220 hoc
1209 1157 1394 1241 fragmento

241 1267 427 1330 illustratur.
473 1265 521 1331 cf.
538 1265 666 1350 Epicur.
690 1287 739 1349 ap.
756 1263 852 1350 Diog.
868 1265 971 1332 Laert.
988 1265 1027 1350 X,
1045 1267 1120 1330 118:
1144 1267 1219 1332 οὔτε
1241 1267 1393 1335 κολάεειν

242 1378 365 1443 οἰκέτα(
372 1427 381 1461 ,
415 1378 538 1455 ἐλεῆεαι
566 1376 674 1457 μέντοι
701 1378 753 1440 καὶ
780 1377 968 1456 (υγγνώμην
1002 1378 1062 1442 τινὶ
1090 1377 1170 1444 ἕξειν
1198 1383 1263 1443 τῶν
1292 1399 1393 1444 (που-

241 1487 351 1553 δαίων.
396 1485 570 1568 Epicurum
600 1507 672 1550 cum
700 1486 798 1550 servis
828 1485 929 1550 amice
957 1487 1073 1551 vixisse
1101 1486 1263 1570 Diogenes
1291 1486 1394 1550 tradit

241 1595 282 1678 X,
300 1596 353 1660 10:
377 1595 458 1676 πρό(
481 1617 515 1661 τε
537 1597 614 1661 τοὺς
638 1597 761 1661 οἰκέτας
781 1595 954 1680 ἡμερότης,
978 1598 1023 1663 uc
1040 1602 1139 1676 δῆλον
1162 1597 1221 1662 κάκ
1236 1602 1300 1663 τῶν
1324 1603 1393 1662 δια·
1428 1683 1431 1692 Ι

242 1709 349 1784 θηκῶν
377 1706 490 1771 αὐτοῦ.
534 1703 585 1789 Os.
608 1705 654 1788 X,
683 1705 723 1769 21
745 1705 800 1770 fin.
845 1705 1015 1772 Praeterea
1040 1705 1247 1770 Philodemus
1275 1705 1314 1770 de
1343 1707 1395 1770 ira

242 1816 301 1879 col.
314 1815 355 1880 23
368 1837 432 1900 seq.
452 1815 598 1880 dominos
612 1814 691 1880 dicit
710 1837 818 1880 servos
832 1815 915 1880 male
932 1799 1107 1880 tractantes
1120 1838 1273 1901 magnum
1288 1816 1394 1881 aditu·
1435 1812 1441 1826 '

241 1947 292 1989 ros
316 1945 393 1988 esse·
407 1925 592 2009 periculum.
616 1925 664 1990 Of.
682 1925 783 2014 ejusd.
797 1926 915 1989 librum
938 1925 975 1990 de
991 1927 1060 1991 vitt.
1077 1927 1202 1990 virtutt.
1220 1947 1332 2010 oppos.
1356 1927 1393 1990 in

243 2034 278 2100 O.
302 2033 336 2098 P.
359 2035 409 2099 III
433 2036 505 2100 coll.
528 2035 547 2100 9
570 2038 602 2099 et
626 2035 685 2100 10:
718 2034 825 2100 Verba
847 2036 1025 2114 ἀναγκαῖον
1048 2041 1148 2117 κτῆμα
1169 2035 1393 2100 Metrodorum

242 2144 404 2209 declarant
419 2144 458 2209 de
469 2147 540 2229 jure
556 2148 610 2210 aut
624 2145 742 2228 injuria
757 2145 918 2210 servitutis
934 2168 1001 2210 non
1015 2145 1203 2220 dissensisse
1219 2169 1237 2210 a
1251 2146 1393 2218 Platone

242 2259 274 2318 et
300 2254 490 2338 Aristotele,
520 2256 575 2339 qui
597 2277 722 2320 servum
749 2258 844 2320 vocat
871 2257 1021 2338 ἔμψυχον
1048 2257 1207 2340 ὄργανον,
1236 2258 1338 2338 κτῆμά
1362 2281 1393 2323 τι

241 2367 398 2445 ἔμψυχον.
424 2365 517 2430 ach.
546 2364 671 2430 Nicom.
702 2365 832 2450 1161b3
862 2365 900 2430 de
927 2388 994 2450 rep.
1026 2367 1140 2432 racab
1163 2388 1227 2451 seq.
1273 2367 1393 2432 Servus

242 2478 291 2538 est
310 2477 428 2539 malum
449 2475 677 2558 necessarium,
701 2477 761 2556 οὐχ
777 2476 836 2556 ἡδὺ
853 2477 904 2560 δέ,
926 2498 1002 2540 nam
1024 2476 1169 2541 miseruit
1190 2498 1300 2541 eorum
1320 2476 1392 2560 phi-

241 2584 393 2669 losophos
426 2585 532 2649 minus
566 2607 676 2668 aspere
710 2585 894 2649 sentientes
949 2586 998 2650 Of.
1030 2585 1209 2652 Philemon.
1238 2587 1392 2672 fragmm.

240 2715 313 2778 pag.
329 2694 401 2759 364.
417 2694 482 2757 410
495 2693 646 2778 Meinek,
670 2693 801 2759 Becker.
819 2693 962 2760 Charilrl.
979 2694 1113 2760 Excurs
1130 2695 1202 2780 VII,
1225 2697 1289 2781 ubi,
1313 2697 1393 2780 'quid

240 2808 363 2868 veteres
387 2803 425 2867 de
448 2803 600 2870 servitute
618 2803 847 2890 judicaverint,
870 2805 940 2870 fuse
963 2806 1150 2890 explicatur.

757 3025 869 3081 xxvl.

393 3157 554 3222 Plutarch.
578 3159 616 3222 de
638 3163 741 3244 tranq.
765 3183 816 3226 an.
840 3162 902 3227 476
919 3162 954 3228 Ο.

326 3269 363 3333 Ὁ
391 3274 472 3345 γοῦν
500 3269 617 3335 εἰπὼν·
646 3274 915 3354 προκατείλημμαί
943 3295 992 3356 ce,
1021 3273 1047 3336 ὠ
1076 3275 1171 3357 τύχη,
1204 3275 1255 3338 καὶ
1283 3279 1389 3341 πᾶεαν

242 3381 299 3457 τὴν
324 3381 379 3458 (ὴν
402 3379 565 3463 ἀφῄρημαι
588 3383 797 3465 παρείεδυειν.
1320 3457 1321 3466 .
1361 3461 1364 3470 ¹

326 3487 492 3578 Convertit
506 3487 584 3554 haec
604 3489 639 3552 in
653 3491 803 3556 Latinum
820 3490 930 3558 Cicero
946 3491 1085 3556 Tuscull.
1102 3490 1215 3577 Dispp.
1232 3492 1273 3576 V,
1290 3493 1321 3576 9,
1337 3493 1391 3578 27,

242 3597 357 3661 additis
373 3600 481 3662 tamen
500 3599 680 3684 nonnullis,
704 3617 786 3684 quae
802 3602 923 3666 Graece
938 3624 1003 3666 non
1020 3605 1144 3666 servata
1159 3606 1248 3668 sunt:
1272 3653 1290 3686 „
1298 3603 1391 3679 Quod

240 3707 325 3771 idem
346 3707 530 3772 melioribus
553 3709 657 3773 verbis
680 3710 898 3775 Metrodorus:
927 3710 1088 3796 Occupavi
1110 3715 1157 3795 te,
1181 3713 1302 3797 inquit,
1325 3714 1389 3778 for·

240 3819 332 3901 tuna,
361 3820 454 3901 atque
482 3819 551 3903 cepi
574 3841 746 3905 omnesque
768 3820 872 3886 aditus
894 3825 967 3886 tuos
994 3823 1174 3907 interclusi,
1203 3827 1240 3888 ut
1268 3824 1308 3887 ad
1338 3845 1390 3887 me
1455 3883 1459 3892 ,

242 3927 381 4010 aspirare
403 3949 469 3992 non
490 3951 599 4013 posses
607 3932 636 3994 “.

325 4142 451 4208 Nouius
484 4166 508 4209 s.
537 4165 565 4209 r.
598 4193 618 4228 „
627 4165 781 4227 occupare
790 4145 810 4179 “
844 4145 1066 4229 corrigendus,
1103 4147 1215 4229 utpote
1244 4145 1388 4212 scribens

239 4253 457 4338 „occupavit“,
480 4255 565 4338 quod
587 4253 692 4318 verbis
714 4255 984 4337 προκατείλημμαί
1006 4277 1039 4322 (ε
1062 4255 1223 4320 evertitur.
1267 4255 1389 4320 Moseri

241 4364 425 4448 conjectura
446 4365 602 4450 „possis“,
623 4385 682 4450 pro
704 4367 857 4448 „posses“
878 4365 992 4430 inanis.
