3066 4914
574 347 785 412 ..31-

81 512 182 580 alios
208 515 296 582 locos
319 514 385 581 Cic.
409 515 508 580 Acad.
531 514 655 599 11,43‚
680 516 755 601 1343
779 515 819 580 de
841 516 930 585 finib.
954 513 999 601 V,
1021 511 1079 602 27,
1104 517 1146 584 80
1168 539 1254 603 seqq.

81 624 145 707 28,
174 625 230 690 84.
255 624 395 690 Tuscnll.
419 623 532 709 Dispp.
556 623 596 709 V,
618 625 670 708 23,
692 626 735 691 55
750 647 836 710 seqq.
866 628 919 704 31,
942 627 993 691 89.
1022 628 1074 711 35,
1102 629 1169 693 102.

256 767 291 854 7)
312 770 412 848 Περὶ
434 769 677 847 οἰκονομίατ.

188 877 406 943 Metrodorum
428 878 546 942 librum
569 878 766 962 singularem
788 879 827 945 de
849 880 1119 947 administrandae
1142 883 1189 948 rei
1211 883 1255 947 fa-

86 987 236 1051 miliaris
275 988 409 1052 scientia
446 987 502 1068 (ut
534 987 579 1051 ait
611 987 685 1052 Sen.
720 989 813 1072 epist.
842 988 1028 1076 LXXXIX)
1066 991 1255 1075 condidisse,

87 1096 309 1162 Philodemus
336 1097 376 1161 de
398 1097 468 1160 vitt.
492 1097 578 1161 virtt.
601 1118 710 1181 oppos.
734 1098 792 1163 col.
816 1099 856 1164 27
884 1099 1009 1164 videtur
1036 1101 1141 1165 verbis
1168 1100 1255 1166 hisce

90 1206 278 1271 indicasse:
308 1207 335 1272 εἰ
357 1211 393 1272 δὲ
415 1208 650 1290 καταμέμφεταί
671 1230 719 1274 τι(
745 1210 837 1289 ἡμῶν
864 1211 936 1289 περὶ
967 1211 1151 1289 οἰκονομία(
1178 1212 1254 1278 ἀνα-

90 1318 318 1399 γραφόντυιν,
341 1319 415 1396 ἡμῖν
438 1320 494 1395 μὲν
517 1318 627 1384 ἱκανότ
641 1321 706 1396 μετ’
728 1319 918 1398 Ἐπικούρου
935 1319 1167 1405 Μητρόδωρος,
1189 1322 1254 1386 ἑπι-

94 1429 245 1493 ετέλλων
278 1430 331 1492 καὶ
357 1433 527 1508 παραινῶν
559 1429 611 1493 καί
639 1433 769 1494 διοικῶν
805 1430 1046 1510 ἐπιμελέττερον
1080 1432 1130 1496 καί
1164 1431 1254 1511 μέχρι

98 1538 303 1618 μικροτέρων
326 1537 377 1602 καί
398 1543 505 1603 ποιῶν
526 1539 631 1602 αὐτός.
676 1535 733 1602 Sin
756 1537 827 1622 quis
842 1537 1060 1604 Metrodorum
1082 1539 1198 1605 dixerit
1219 1541 1254 1604 in

96 1646 186 1711 libro
208 1649 280 1726 περὶ
302 1647 449 1713 πλούτου
470 1646 529 1711 col.
549 1647 588 1710 12
610 1647 707 1711 citato
728 1646 812 1712 hanc
833 1669 900 1712 rem
923 1651 1095 1732 tractasse,
1119 1669 1185 1714 non
1206 1672 1254 1714 re-

97 1743 287 1842 pugnabo.¹
314 1756 367 1820 Me
395 1755 523 1839 quidem
550 1778 654 1822 meam
682 1756 717 1820 in
745 1758 936 1822 sententiam
965 1761 1130 1823 traxerunt
1158 1760 1254 1823 verba

99 1868 223 1946 ἑπιμελ.
248 1891 273 1933 κ.
296 1869 364 1948 μέχ.
387 1889 467 1948 μικρ.
511 1864 561 1930 De
582 1888 617 1932 re
639 1867 679 1930 cf.
702 1889 721 1930 a
743 1863 1096 1952 Philodemoexposia.

256 2009 291 2094 8)
314 2011 500 2091 Περὶτοῦ
514 2012 681 2090 μείζονα
702 2010 1109 2094 εἰναιτὴντιαρ’ἡμᾶτ
1125 2013 1251 2079 αἰτίαν

317 2122 416 2201 πρὸ(
439 2121 702 2200 εὐδαιμονίαν
725 2126 791 2200 τῆς
813 2122 952 2188 ἐκτῶν
976 2124 1229 2204 πραγμάτων.

188 2231 425 2296 Commemorat
445 2230 507 2296 hoo
529 2230 681 2313 scriptum
705 2230 853 2296 Clemens
876 2232 1111 2320 Alexandrinus
1140 2237 1249 2298 strom.

101 2339 150 2424 H,
173 2341 235 2405 417
259 2339 295 2406 O.
340 2340 414 2406 Vid.
444 2340 579 2406 Metrod.
607 2340 721 2426 fragm.
749 2364 836 2406 num.
859 2341 897 2406 X.
947 2343 999 2406 Ad
1027 2347 1250 2428 argumentum

103 2450 235 2536 adhibe,
258 2472 338 2535 quae
353 2473 448 2535 supra
470 2451 613 2516 enarravi
629 2451 667 2516 de
683 2473 778 2515 causa
800 2451 1029 2536 contentionis,
1051 2474 1132 2537 quse
1147 2453 1251 2518 Timo·

107 2561 184 2625 erati
208 2583 280 2626 cum
302 2560 486 2626 Metrodoro
507 2561 696 2626 intercessit.

258 2714 292 2799 9)
313 2716 413 2795 Περὶ
434 2715 650 2792 εὐγενείας.

186 2824 314 2890 (litatur
335 2824 426 2889 hicce
447 2825 528 2890 liber
550 2847 569 2888 a
591 2823 737 2910 Diogene
759 2825 887 2890 Laertio
908 2825 952 2910 X,
979 2827 993 2890 1
1019 2830 1051 2892 et
1071 2828 1123 2891 24.
1166 2826 1252 2891 Loco

104 2935 230 3020 quidem
252 2935 357 3019 priore
385 2957 424 3000 ex
451 2957 488 3000 co
511 2935 700 3018 affenmtur,
728 2957 808 3019 quae
834 2934 873 2999 de
895 2935 1028 3020 Epicuri
1055 2936 1251 3020 parentibus

105 3047 221 3130 patria,
244 3045 367 3111 familia
382 3067 454 3110 cum
470 3045 589 3112 lectore
604 3046 888 3112 communicantur.
924 3045 1018 3111 Unde
1033 3045 1251 3112 Metrodorum

105 3156 304 3240 concludam,
326 3157 532 3242 magistrum,
556 3157 583 3220 si
604 3177 670 3220 non
691 3156 774 3220 libro
797 3159 881 3240 tot0,
904 3159 988 3221 certe
1017 3156 1072 3220 illa
1093 3178 1250 3221 commen-

104 3267 232 3331 tationis
254 3269 345 3352 parte
367 3289 385 3330 a
406 3266 551 3353 Diogene
573 3266 701 3331 laudata
723 3270 835 3330 conha
855 3266 1038 3330 vexationes
1060 3265 1250 3330 Timocratis

104 3379 134 3439 et
154 3375 351 3461 Herodoaa)
374 3377 567 3461 defendisse,
590 3377 644 3461 qui
659 3375 835 3460 Epicurum
857 3377 959 3441 civem
980 3397 1049 3440 esse
1071 3376 1251 3461 legitimum

105 3486 256 3570 (γνηείιυτ
271 3487 381 3572 ἀετόν)
404 3490 602 3574 negaverant
616 3486 725 3573 (Diog.
741 3487 846 3552 Laert.
862 3486 902 3570 X,
918 3489 962 3572 4).
1000 3486 1103 3563 Quam
1125 3489 1249 3550 senten-

103 3597 179 3661 tiam
195 3597 223 3662 si
245 3597 485 3681 approbaveris,
508 3597 618 3681 facile,
640 3588 768 3681 opinor,
790 3596 978 3681 perspicies,
1001 3617 1140 3680 quonam
1155 3596 1250 3660 modo

103 3706 300 3772 Metrodorus
312 3707 352 3772 de
363 3706 494 3791 Epicuri
509 3707 633 3793 origine
645 3707 837 3772 disseruerit.
861 3704 1092 3790 Philosophum
1103 3709 1250 3770 nostrum

103 3817 329 3883 obtrectatores
352 3817 389 3882 ad
411 3817 611 3883 nobilitatem
632 3839 740 3882 veram
761 3820 909 3882 nontam
930 3817 964 3880 in
978 3815 1081 3901 gloria
1095 3817 1249 3901 majorum

103 3928 211 4010 (ἀρετὴ
233 3929 352 4006 γένουε
372 3930 507 3993 Aristot.
529 3927 605 3993 hist.
629 3951 677 3992 an.
700 3928 727 4011 I,
745 3931 779 4012 13
801 3926 882 3992 rhet.
905 3925 948 4011 II,
973 3926 1020 3992 15.
1058 3925 1107 3992 Of.
1123 3926 1247 3991 Platon.

103 4036 230 4103 Theaet.
255 4037 317 4101 174
330 4036 373 4124 Ε)
401 4038 553 4122 falsisque
579 4038 725 4103 fortunae
753 4037 862 4119 bonis,
890 4059 985 4122 quam
1011 4037 1137 4102 insola
1162 4040 1249 4101 recte

103 4147 228 4212 vivendi
253 4148 378 4213 ratione
407 4152 606 4214 constantem
628 4171 667 4213 ex
689 4147 836 4213 Lucretio
863 4147 1015 4232 colligere
1037 4147 1113 4211 licet
1134 4147 1248 4212 stultos

109 4305 308 4314 ψ..-

168 4391 190 4456 ι)
208 4384 339 4442 Fortasse
358 4386 388 4439 et
403 4385 449 4439 hio
466 4385 581 4456 Epicuri
598 4387 703 4441 amicus
720 4387 821 4456 postea
838 4385 1003 4455 magistrum
1022 4383 1155 4441 desernit.
