3066 4914
752 358 963 421 ..28-

282 527 390 611 pedite
412 526 624 593 conformatio
637 529 682 615 Ρ),
704 531 812 592 tamen
834 527 994 592 sententia
1016 526 1195 592 Philodami
1217 531 1313 593 acuta
1335 527 1437 592 Gom-

281 638 380 724 peraii
395 637 479 705 vocis
494 638 675 715 ἁγνεύοντα
685 637 897 722 restitutione,
914 659 995 722 quae
1011 637 1105 702 etiam
1121 637 1359 722 simplicissima
1374 641 1435 722 cst,

282 771 338 814 sua
365 752 480 834 sponte
507 747 707 834 intelligitur.
759 748 815 814 Ait
842 747 966 813 scilicet
992 746 1201 832 philosophus
1225 747 1432 832 Gadarensis,

281 858 435 942 quosdam
458 858 650 945 (subjectum
664 858 753 923 verbi
768 859 959 941 ἀφεετήκαει
981 858 1096 923 lacuna
1118 856 1318 942 absorptum)
1341 857 1432 923 hbris

281 971 355 1050 περὶ
382 973 466 1036 θεῶν
493 969 683 1053 conscriptis
705 969 884 1053 aratione,
912 989 975 1053 qua
1001 968 1064 1033 sibi
1092 969 1295 1034 sanctitatem
1316 973 1432 1053 parent

281 1073 426 1144 homines
449 1079 734 1164 commerciumque
758 1101 829 1144 cum
844 1078 905 1143 diis
927 1077 1099 1143 instituant
1121 1078 1284 1165 (ἁγνεύων
1307 1081 1428 1163 λόγος),
1522 1069 1523 1156 l

282 1189 459 1254 accuratius
486 1189 694 1254 describenda
720 1190 815 1275 longe
843 1189 995 1253 abfuisse.
1039 1187 1130 1264 Quod
1152 1189 1370 1254 Metrodorum
1395 1191 1427 1253 in

282 1299 427 1383 Socrate,
455 1321 527 1364 cum
548 1299 780 1385 Euthyphrone
802 1299 862 1364 hac
890 1300 928 1364 de
955 1322 989 1365 re
1012 1297 1187 1364 disserente
1217 1300 1301 1384 apud
1323 1299 1426 1366 Plato·

281 1430 356 1474 nem
376 1409 411 1474 in
426 1409 569 1495 dialog0,
592 1409 646 1494 qui
668 1409 840 1494 inscriptus
863 1408 1153 1493 estEuthyphron,
1176 1408 1425 1494 reprehendisse,

282 1542 299 1582 e
320 1519 390 1584 loco
411 1522 521 1584 nostro
543 1520 620 1584 satis
641 1520 842 1605 perspicitur.
886 1520 1046 1586 Nimirum
1068 1519 1153 1604 apud
1174 1518 1346 1585 Platonem
1367 1521 1387 1585 l.
1401 1543 1424 1586 c.

281 1623 427 1694 Socrates
444 1633 566 1715 vatem,
589 1651 686 1715 aquo
707 1651 824 1695 nomen
845 1630 955 1696 libello
976 1630 1113 1695 inditum
1136 1632 1199 1714 est,
1221 1651 1329 1694 rerum
1351 1630 1425 1695 divi·

281 1759 410 1824 narum,
433 1743 469 1805 ut
482 1740 552 1825 ipse
565 1744 671 1825 putat,
687 1740 779 1805 valde
792 1741 947 1825 peritum,
964 1740 1112 1806 simulata
1125 1739 1172 1804 rei
1185 1740 1425 1827 investigandae

281 1849 462 1934 sedulitate,
491 1872 528 1916 eo
550 1851 709 1935 perducit,
737 1852 773 1915 ut
794 1851 897 1934 primo
918 1850 1045 1936 quidem
1074 1850 1293 1916 definitionem
1314 1873 1425 1936 propo

280 1960 389 2046 sitam,
411 1961 562 2046 pietatem
583 1961 668 2026 idem
690 1961 795 2025 valere
817 1957 912 2047 atque
933 1963 971 2028 τὸ
993 1963 1160 2045 θεοφιλές,
1183 1961 1336 2045 accipiat,
1359 1965 1426 2026 tum
1523 1985 1524 1992 ¹

279 2093 369 2150 vero,
399 2071 539 2137 Socratis
568 2071 841 2136 demonstratione
869 2071 984 2136 erroris
1007 2070 1186 2157 convictas,
1216 2071 1326 2135 mittat
1353 2071 1423 2136 mis·
1523 2066 1524 2150 1

280 2203 409 2267 samque
422 2184 582 2267 postremo
604 2181 720 2246 iterum
741 2181 925 2266 imprudens
940 2181 1083 2266 recipiat.
1119 2180 1199 2246 Abit
1212 2184 1301 2246 vates
1320 2182 1426 2266 dispu-
1523 2263 1524 2270 ἵ

279 2292 409 2357 tationis
436 2289 617 2378 pertaesus,
653 2289 793 2357 Socratis
828 2292 866 2356 de
893 2291 1012 2376 pietate
1040 2291 1190 2376 opinione
1217 2292 1358 2357 nondum
1386 2293 1427 2356 ad

279 2402 435 2486 liquidum
457 2403 628 2487 explorata.
666 2403 769 2478 Quam
783 2424 850 2467 rem
865 2401 1082 2467 Metrodorum
1103 2403 1138 2467 in
1153 2403 1236 2469 libro
1252 2403 1325 2483 περὶ
1341 2411 1425 2470 θεῶν

280 2511 455 2596 composito
477 2513 621 2598 attigisse
642 2534 707 2578 non
722 2513 805 2578 male
826 2513 983 2597 quispiam
1007 2513 1164 2597 conjiciat.
1203 2511 1353 2578 Ceterum
1374 2512 1426 2577 hic

278 2621 367 2687 locus
388 2641 454 2686 non
475 2622 723 2707 praetereundus
741 2622 931 2706 judicaturis
954 2622 992 2687 de
1015 2623 1205 2688 auctoritate
1221 2621 1424 2707 Euthyphro·

278 2732 329 2796 nis
351 2732 479 2818 dialogi.
517 2732 619 2809 Quam
634 2733 771 2798 maxime
786 2732 914 2817 quidem
934 2733 1197 2818 reprehensiones
1220 2733 1426 2828 conferuntur

278 2841 319 2906 ad
341 2841 435 2906 fidem
462 2841 581 2928 dialogi
602 2843 638 2908 in
659 2843 873 2928 suspicionem
899 2843 1132 2926 adducendam,
1160 2845 1271 2927 utpote
1299 2843 1334 2906 in
1363 2864 1425 2928 quo

278 2951 317 3016 de
345 2955 460 3017 natura
485 2952 614 3037 pietatis
641 2953 724 3018 nihil
752 2955 795 3019 sit
822 2953 1009 3040 diligentius
1037 2953 1232 3040 expositum,
1263 2953 1362 3017 immo
1384 2975 1424 3017 ne
1524 2969 1525 2972 ’

278 3062 494 3147 significatum
516 3063 657 3149 quidem,
685 3085 780 3148 quam
809 3064 1074 3150 vituperationem
1097 3064 1173 3130 licet
1201 3062 1424 3128 aMatrodoro
1524 3055 1525 3062 ¹

277 3171 439 3237 videamus
461 3174 683 3260 anticipatum,
704 3178 814 3240 tamen
835 3174 889 3239 hic
904 3175 1048 3259 dialogus
1070 3173 1171 3238 nihilo
1193 3172 1296 3237 secius
1319 3173 1422 3238 aPla·

277 3284 352 3347 tone
375 3283 539 3349 confectus
562 3287 717 3350 censetur.

564 3456 594 3524 c)
612 3454 699 3511 hlbri
716 3455 755 3510 ad
773 3454 905 3511 ethicam
921 3453 1129 3524 pertlncntes.

407 3554 417 3566 6

428 3573 463 3660 ὅ)
486 3575 585 3655 Περὶ
607 3575 916 3657 μεγαλοψυχίας.

361 3684 519 3749 Memorat
539 3684 600 3750 hoc
616 3685 769 3770 scriptum
785 3682 946 3771 Diogenes
961 3683 1105 3748 Laertius
1126 3683 1165 3761 X,
1181 3683 1224 3747 24
1245 3687 1278 3748 et
1299 3683 1423 3748 videtur

276 3792 480 3858 Philodemus
495 3795 641 3860 laudasse
662 3795 731 3859 loco
746 3794 869 3858 lacunis
892 3793 1062 3858 admodum
1082 3794 1233 3877 perplexo
1255 3793 1329 3858 libri
1351 3795 1424 3875 περὶ
1524 3807 1525 3830 ¹

276 3904 495 3970 1111111110.
511 3903 546 3970 P.
562 3904 611 3968 Ill
628 3905 685 3970 col.
703 3905 720 3969 'l
738 3904 812 3990 (Ox.
827 3903 843 3966 I
863 3904 922 3969 101.
938 3903 988 3990 8),
1010 3901 1065 3967 ubi
1087 3901 1126 3966 de
1149 3901 1294 3987 superbis
1317 3903 1423 3988 agitur

248 4037 253 4047 ·
277 4013 483 4096 sapientibus.
528 4014 678 4100 Legimus
700 4014 812 4079 verba:
842 4012 1423 4097 (0101111Μητρόδω(ρο)εαύτο(ὺε
1524 4059 1525 4078 1

277 4121 375 4209 εἷν)αί
401 4123 542 4210 φ(η)ειν,
579 4127 617 4188 11
642 4123 781 4208 explevit
807 4123 936 4208 quidem
963 4120 1123 4206 Sauppius
1157 4121 1357 4205 (Philodami
1384 4120 1422 4185 de

344 4328 367 4396 P)
386 4324 519 4396 Copulari
536 4325 653 4394 possunt
670 4324 758 4378 verba
774 4325 804 4377 in
821 4325 896 4379 hunc
913 4324 1040 4379 modum:
1064 4325 1136 4378 ὥετε
1156 4325 1284 4392 Μητρόδ.
1308 4327 1354 4378 καί
1373 4324 1420 4378 αὐ-

277 4412 329 4466 τὸν
348 4411 500 4482 (ωκράτην
519 4411 675 4477 καταμέμφ.
694 4411 773 4476 εἴπερ
790 4415 877 4465 τοῦτο
896 4409 973 4466 tuder
992 4409 1062 4480 πρὸς
1082 4406 1205 4477 Εὐθύφρ,
1224 4411 1276 4462 roll
1295 4409 1387 4464 lllur.
1524 4449 1525 4460 ,
