3066 4914
579 325 790 388 „45-

9 553 11 560 ,
108 492 255 557 videatur
277 493 317 556 ad
332 493 453 556 bonum
476 491 694 576 efficiendum,
716 492 778 557 hoo
793 493 948 578 placitum
970 516 1042 558 cum
1055 496 1112 560 illo
1127 496 1259 580 Epicuri

108 603 194 686 apud
223 602 402 687 Diogenem
432 601 477 685 X,
504 603 578 666 139:
612 603 690 682 door
717 610 775 669 rot
805 607 959 684 μεγέθους
988 611 1053 671 τῶν
1081 607 1257 686 ἡδονῶνή

107 713 231 779 παντὸς
253 719 311 777 τοῦ
334 713 515 790 ἀλγοῦντος
538 715 732 792 onerasse(
754 713 810 796 (ef.
833 736 918 797 supr.
934 715 1092 799 ὑπεξίῃ1),
1114 737 1256 800 pugnare

9 805 11 836 r
108 821 239 904 dixerit,
262 822 316 885 ille
332 822 447 906 duplex
469 813 608 907 negligit
629 844 731 908 genus
746 823 921 907 voluptatis
944 824 1065 888 bonum
1087 825 1256 890 efficientis

9 1005 10 1027 .
108 930 170 1016 (cf.
200 931 348 1014 Epicur:
377 932 457 1012 αὕτη
490 933 631 1012 ἡφύει(
659 969 702 982 -
729 934 857 1013 ὀρθῶς
894 933 1087 1019 ἐπιβάλλῃ
1121 935 1256 1002 ἔπειτα

108 1042 264 1128 (ταθῇ),
295 1063 432 1125 namque
453 1041 506 1105 hic
529 1042 635 1126 agitur
656 1042 695 1106 de
717 1044 880 1126 voluptate
908 1044 943 1107 in
965 1047 1070 1126 motu,
1098 1065 1160 1128 qua
1183 1067 1255 1109 con·
1328 1073 1333 1082 ·

106 1151 250 1214 tinentur
277 1153 360 1232 χαρά
387 1155 420 1215 et
441 1152 635 1233 εὐφροεύνηὍ
681 1151 833 1217 Cessante
861 1175 936 1218 vero
964 1175 1058 1216 causa
1086 1158 1190 1218 cessat
1211 1141 1282 1218 et.

107 1253 224 1324 fectus:
247 1260 415 1324 deficiente
436 1261 536 1346 igitur
550 1263 696 1326 molestia
717 1266 810 1346 atque
825 1263 956 1328 tristitia
971 1263 1079 1328 deficit
1092 1263 1254 1348 gaudium,

107 1370 193 1452 quod
223 1392 262 1433 ex
289 1370 360 1434 istis
392 1370 517 1435 evitatis
545 1372 659 1436 evadit.
709 1372 817 1455 Unde,
847 1394 909 1456 quo
937 1377 1031 1457 paeto
1053 1373 1254 1438 Metrodorus

106 1481 227 1544 bonurn
249 1482 284 1544 in
299 1481 377 1565 fuga
397 1481 474 1545 mali
495 1483 654 1565 posuerit,
676 1483 770 1547 facile
784 1485 928 1566 patescit.
973 1483 1145 1567 Perperam
1167 1486 1254 1550 deni·

107 1611 167 1673 que
188 1590 302 1655 Cicero
333 1613 490 1655 summam
517 1592 713 1676 voluptatem
734 1593 908 1676 Epicurum
935 1594 1039 1677 ipsam
1065 1595 1141 1659 mali
1169 1616 1253 1658 amo·

107 1701 229 1764 tionem
253 1702 413 1765 censuisse
436 1703 586 1786 opinatur
608 1703 646 1766 de
661 1703 748 1766 finib.
772 1703 798 1786 Ι,
817 1705 864 1767 11.
888 1703 930 1786 II,
945 1705 975 1768 3.
1006 1703 1055 1768 Of.
1071 1703 1252 1769 Nemesion.

106 1809 144 1873 de
166 1813 231 1874 nat.
254 1810 339 1876 hom.
365 1812 403 1877 18
426 1816 458 1875 et
480 1811 615 1877 Metrod.
639 1813 760 1896 scriptt.
783 1835 869 1878 num.
889 1815 936 1878 14.

660 1965 696 2022 V.

258 2065 368 2132 Senes.
392 2067 484 2152 epist.
508 2065 623 2151 XCIX,
646 2068 698 2146 22,

190 2175 295 2259 „Illud
316 2177 405 2243 nullo
427 2178 523 2243 modo
545 2178 661 2262 probo,
690 2178 774 2261 quod
796 2179 842 2243 ait
863 2177 1064 2244 Metrodorus
1071 2230 1091 2265 ,.
1104 2202 1172 2245 esse
1194 2179 1250 2244 ali-

105 2305 200 2368 quam
222 2291 392 2372 cognatam
408 2289 557 2353 tristitiae
572 2289 784 2372 voluptatem:
807 2288 890 2353 hanc
913 2310 981 2352 esse
1004 2290 1194 2373 captandam
1216 2291 1250 2353 in

106 2395 260 2478 ejusmodi
281 2400 435 2482 tempore.
479 2398 554 2483 Ipsa
575 2398 751 2463 Metrodori
773 2398 869 2462 verba
890 2399 1078 2483 subscripsi:

189 2510 412 2590 Μητροδώρου
436 2509 613 2576 ἐπιετολ.α’
635 2517 700 2576 τῶν
723 2512 804 2590 πρὸ(
819 2511 877 2589 τὴν
900 2509 1061 2591 ἀδελφήν’
1084 2509 1171 2603 itur
1188 2511 1250 2590 γάρ

105 2641 151 2683 τι(
176 2619 276 2700 ἡδονὴ
305 2627 342 2705 τῇ
373 2621 457 2706 λύπῃ
486 2621 653 2700 (υγγενήεἰ
685 2621 857 2700 θηρευτέον
883 2622 1001 2700 ταύτην
1030 2623 1110 2686 κατὰ
1131 2625 1248 2687 τοῦτον

106 2731 163 2795 τὸν
184 2732 327 2810 καιρόν“.

188 2839 235 2904 Of.
252 2845 272 2922 ξ
288 2841 346 2906 25:
369 2839 451 2925 „Est
465 2841 585 2924 aliqua,
608 2840 727 2924 inquit,
750 2841 898 2924 voluptas
914 2831 1051 2924 cognata
1065 2841 1245 2905 tristitiae“.

187 3028 386 3111 Apparatum
406 3028 551 3091 criticum
566 3027 605 3092 ad
620 3027 651 3092 11.
667 3027 687 3090 l.
710 3049 904 3113 magnopere
919 3029 1067 3091 vexatum
1081 3027 1246 3092 Fickertus
1382 3015 1387 3024 ’

107 3138 291 3221 composuit.
335 3137 375 3200 In
397 3137 467 3202 aliis
490 3138 575 3202 enim
598 3137 688 3202 codd.
704 3139 801 3202 verba
822 3159 937 3223 graeca
958 3138 1089 3201 omnino
1105 3159 1169 3201 non
1194 3160 1245 3202 ex-

107 3249 190 3311 stant
198 3298 208 3333 ,
231 3249 265 3312 in
281 3248 352 3311 aliis
366 3249 484 3332 partim
499 3248 623 3312 litterae
637 3249 749 3312 inanes
771 3248 987 3331 reperiuntur,
1010 3269 1086 3331 quas
1102 3248 1136 3312 in
1151 3247 1247 3312 verba

106 3356 228 3444 integra
250 3360 444 3430 commutare
467 3357 636 3444 Gruterus,
659 3358 854 3443 Scaligerus,
878 3357 1138 3442 Dalechnmpius,
1167 3349 1246 3423 Gro-

104 3469 229 3551 novius,
266 3469 320 3532 alii
347 3469 467 3534 frustra
495 3469 601 3533 conati
629 3471 719 3551 sunt,
756 3468 873 3552 partim
905 3467 1018 3532 saltem
1044 3468 1141 3532 verba
1167 3462 1247 3560 κατὰ

105 3585 219 3647 τοῦτον
235 3581 294 3645 τὸν
310 3581 421 3659 καιρόν
444 3579 521 3643 satis
543 3580 624 3643 bene
647 3581 771 3644 servata
793 3581 876 3642 sunt.
921 3576 1095 3642 Olariorem
1116 3577 1245 3641 tandem

102 3687 203 3753 lucem
225 3689 300 3752 huic
321 3691 393 3754 loco
415 3689 592 3756 attulerunt
613 3688 703 3753 codd.
719 3689 889 3774 Bambcrg.
913 3691 946 3752 et
966 3689 1138 3772 Argentor.
1161 3709 1189 3770 a,
1213 3691 1245 3750 et

102 3799 123 3861 ii
137 3783 271 3884 quidem¹
280 3799 501 3884 antiquissimi.
532 3799 572 3864 In
586 3800 701 3882 quibus
715 3799 793 3863 haec
807 3798 945 3883 legimus
961 3797 1244 3864 ΜΗΤΡΟΔΩΡΟΥ

101 3911 347 3977 ΕΠΙΕΤΟΛΑΩΝ
369 3910 471 3977 Teo(
490 3910 571 3976 ΤΗΝ
593 3909 784 3975 ΑΔΕΛΦΗΝ
806 3908 1242 3975 Ε(ΤΙΝ“ΓΑΡΤΙΟ(ΗΔΟΝΗ

101 4023 161 4086 ΑΙΚ
181 4022 341 4088 triaco
363 4022 505 4087 ΥΠΕΙΝ
530 4022 629 4086 ΚΑΤΑ
651 4021 815 4086 ΤΟΥΤΟΝ
832 4021 912 4086 ΤΟΝ
930 4019 1095 4085 ΚΑῘΡΟΝ.
1125 4017 1242 4082 Mirum

102 4153 192 4216 sane,
214 4133 299 4215 quod
320 4131 417 4196 verba
435 4133 712 4213 Μητροδώρου-
730 4131 877 4213 ἀδελφήν
900 4129 1090 4194 exhibentur
1112 4126 1241 4192 Graece.

101 4241 144 4305 At
164 4243 300 4307 fortasse
316 4241 436 4306 Seneca
457 4242 576 4307 dictum
596 4241 751 4306 adraeco
774 4241 916 4324 quodam
931 4240 1087 4324 scriptore
1110 4239 1241 4303 citatum
1285 4253 1289 4259 ·

103 4350 275 4436 descripsit.
299 4351 362 4418 Sed
377 4352 417 4416 ad
428 4373 495 4416 rem
505 4352 588 4416 nihil
603 4353 745 4416 interest.
769 4351 833 4415 Diu
843 4373 917 4416 vero
933 4351 1130 4432 multumque
1145 4349 1240 4412 lectio
