3066 4914
578 333 850 398 -652

82 506 116 568 τ’
144 505 298 582 ἐνεργεῖν
322 504 380 568 οὐκ
403 505 442 568 ἂν
465 507 607 586 sortem,
635 525 715 587 quae
738 503 820 568 cum¹
838 506 1001 572 universae
1023 508 1154 592 Epicuri
1182 511 1252 594 phi-

85 613 270 696 losophiae
303 613 511 677 fundamento
545 612 701 677 cohaeret.
752 613 813 678 His
847 615 933 679 enim
960 618 1064 681 verbis
1099 619 1252 704 magister

87 723 228 807 poesim
251 723 451 787 commendat
472 723 602 786 maximi
624 723 868 808 aestimandam,
891 729 959 790 tum
975 728 1060 810 quod
1083 749 1119 792 ea
1141 730 1192 793 vel
1207 730 1251 794 vi-

88 837 149 896 tae
174 834 229 897 vel
243 836 375 897 naturae
397 833 537 898 rationes
560 833 697 897 dilucide
712 833 885 898 doceantur
906 837 1076 921 unicuique
1099 837 1251 904 advitam

91 945 183 1007 bene
216 943 443 1008 instituendam
471 945 673 1026 animumque
695 946 781 1008 recte
809 945 1016 1009 erudiendum
1044 948 1154 1031 utiles;
1183 952 1252 1014 tum

92 1053 188 1136 quod
224 1053 348 1136 eadem,
386 1054 528 1137 quamvis
556 1053 703 1117 homines
736 1056 769 1118 et
795 1077 846 1118 res
873 1055 989 1140 fingat,
1026 1059 1135 1122 tamen
1168 1058 1252 1122 fietis

93 1163 251 1248 exempla
282 1163 423 1247 proferat
449 1164 542 1228 nobis
570 1187 646 1230 cum
676 1165 842 1229 commodo
875 1165 1039 1230 imitanda.
1098 1167 1170 1233 Hoc
1203 1171 1253 1232 est

95 1275 249 1354 ἐνεργεῖν
271 1276 434 1357 poemata,
464 1274 547 1356 quod
569 1274 735 1338 Lucretius
757 1274 782 1357 I,
806 1275 847 1340 26
869 1275 968 1340 latine
979 1276 1128 1341 'reddidit
1148 1299 1253 1361 „pan-

96 1405 178 1468 gere
208 1385 351 1448 varsus“.
402 1382 588 1449 Contemnit
616 1383 716 1468 igitur
743 1384 902 1468 Epicurus
930 1387 1066 1466 ποιητήν
1094 1387 1129 1450 in
1155 1387 1251 1451 meris

98 1493 297 1576 fictionibus,
319 1496 355 1556 ut
370 1493 438 1576 ipse
453 1495 553 1576 putat,
576 1492 724 1558 inanibus
747 1495 899 1578 vanisque
915 1497 1104 1578 versantem,
1127 1496 1251 1560 etiamsi

99 1604 236 1688 ingenio
251 1604 503 1688 praeclarissimo
521 1605 553 1666 et
573 1603 803 1688 imaginatione
818 1605 1075 1689 splendidissima
1089 1607 1251 1690 praeditus

100 1714 152 1778 sit.
193 1713 365 1796 Postpouit
386 1734 462 1797 ergo
485 1715 585 1777 artem
608 1713 779 1797 poeticam,
808 1714 976 1798 anteponit
996 1715 1120 1799 poesim
1138 1716 1249 1799 jucun·

101 1824 160 1889 dae
184 1823 332 1887 utilitatis
355 1823 561 1905 effectricem,
589 1826 683 1906 atque
705 1845 777 1887 eum
799 1825 904 1907 ipsum
927 1825 1081 1906 μυριάδα(
1103 1847 1250 1889 versuum

101 1935 136 1998 in
170 1933 297 1997 laudem
323 1933 498 1997 Metrodori
532 1933 747 2017 composuisse
773 1932 963 1998 Plutarchus
997 1933 1094 1997 tradit
1128 1934 1166 1998 de
1194 1934 1248 1999 lat.

101 2045 165 2108 viv.
189 2045 219 2108 3.
270 2043 548 2108 Excellentissimo
577 2045 682 2107 autem
716 2044 862 2127 exemplo
889 2042 1021 2128 Epicuri
1058 2045 1250 2108 sententiam

101 2156 171 2218 tota
198 2154 344 2238 magistri
365 2152 570 2237 philosophia
592 2153 731 2217 carmine
759 2153 798 2218 de
819 2174 926 2216 rerum
948 2155 1062 2218 natura
1090 2153 1249 2237 descripta

102 2263 267 2328 Lueretius
303 2263 488 2347 illustravit,
523 2262 655 2327 eandem
683 2263 844 2346 professus
881 2262 918 2326 de
945 2263 1008 2327 fine
1042 2262 1148 2346 poesis
1182 2263 1248 2346 opi-

102 2374 282 2458 nionemr).

188 2483 309 2551 Oontra
336 2484 542 2548 Philodemus
574 2483 609 2548 in
642 2483 704 2548 alia
737 2483 845 2548 omnia
875 2483 1035 2567 discessit,
1069 2483 1186 2567 quippe
1212 2483 1248 2546 in

104 2595 290 2680 fragmentis
313 2597 385 2675 περὶ
406 2596 593 2675 ποιημάτων
622 2594 670 2677 (in
693 2593 727 2659 (l.
745 2595 784 2658 A.
808 2593 849 2657 11.
874 2591 932 2657 Ox.
955 2591 1002 2675 ΙΙ)
1032 2593 1066 2656 in
1088 2571 1158 2676 ipsa
1180 2595 1247 2656 arte

105 2705 406 2788 praestantissimam
440 2704 545 2788 poesis
581 2704 772 2788 dignitatem
805 2703 944 2786 positam
978 2725 1047 2768 esse
1081 2703 1248 2768 edisseruit

20 2815 30 2896 γ’
106 2816 266 2900 ipsamque
293 2817 406 2898 poetae
433 2814 710 2899 imaginationem,
740 2835 835 2896 quam
862 2835 922 2876 nos
951 2813 1085 2877 dicimus
1111 2812 1246 2897 phanta-

20 2925 21 2934 ’
107 2925 198 3009 siam,
227 2947 304 3010 prae
327 2925 439 2990 cetaria
462 2923 554 2989 laude
583 2923 698 2988 eximia
725 2923 858 2987 ornavit.
903 2921 992 2986 Idem
1014 2926 1178 3007 praeterea
1205 2922 1246 2986 ob

107 3038 361 3120 argumentorum
390 3034 581 3119 gravitatem
608 3034 787 3098 litterarum
816 3033 921 3098 studia
936 3033 1085 3097 'versibus
1115 3033 1246 3098 circum·

20 3161 21 3180 ²
108 3145 197 3209 scribi
219 3167 312 3229 posse
334 3147 441 3230 negat.
487 3143 638 3209 Omnium
660 3146 767 3208 autem
789 3144 1018 3228 Epicureorum
1046 3142 1246 3207 irrisionibus

109 3254 314 3339 exploduntur
341 3258 454 3339 poetae
482 3258 671 3340 argumenta
698 3277 715 3319 e
742 3253 859 3318 fabulis
888 3257 920 3319 et
947 3253 1082 3318 historia
1108 3253 1245 3325 fabulari

108 3368 289 3448 repetentes.
327 3363 400 3449 Ipse
416 3365 572 3448 Epicurus
595 3368 676 3429 teste
691 3364 843 3429 Heraclit.
862 3365 1004 3449 Allegor.
1022 3363 1116 3428 Hom.
1140 3364 1247 3448 cap.4

110 3474 166 3559 (ed.
181 3474 311 3540 Mehler.
329 3497 404 3560 pag.
421 3476 450 3540 6.
473 3476 633 3560 Matrang.
650 3475 770 3539 Anecd.
787 3474 803 3538 1
825 3496 898 3560 pag.
914 3474 991 3560 298)
1014 3475 1139 3540 dccccv
1161 3475 1245 3554 ὁμοῦ

110 3587 267 3667 ποιητικὴν
298 3579 404 3666 ὥςπερ
439 3585 585 3666 ὀλέθρων
614 3585 730 3666 μύθων’
752 3585 868 3664 δέλεαρ
902 3585 1139 3667 ἀφοεῑούμενοε
1172 3584 1243 3647 fuit.

110 3693 235 3759 Fabulae
262 3697 371 3760 tamen
392 3717 459 3759 non
487 3695 612 3759 videtur
634 3694 780 3778 rejecisse
801 3694 863 3757 nisi
891 3694 1049 3758 scelerosa
1071 3695 1165 3777 atque
1187 3695 1244 3756 im-

110 3804 187 3868 mani
201 3805 333 3870 materia
354 3807 469 3870 animis
483 3808 604 3869 metum
626 3806 658 3868 et
672 3806 826 3883 terrorem
848 3803 1043 3888 injicientes,
1066 3803 1175 3886 quales
1190 3803 1244 3866 de-

112 3915 208 4000 signat
221 3914 420 4000 Polystratus
436 3918 510 3995 περὶ
524 3916 648 3993 ἀλόγου
663 3916 934 3994 καταφρονήεεως
949 3913 1007 3978 col.
1022 3914 1042 3978 6
1059 3912 1108 3997 (O.
1121 3912 1156 3977 P.
1168 3911 1242 3998 IV),

112 4046 235 4108 quocum
263 4025 408 4089 conferas
436 4025 617 4089 Lucretium
645 4025 794 4108 „veteres
821 4022 954 4107 Grajum
982 4025 1119 4108 poetas“
1151 4023 1244 4108 castil

170 4291 191 4353 a)
211 4287 251 4342 Cf.
264 4287 286 4353 I,
299 4293 332 4341 25
344 4303 401 4354 seq.
420 4288 441 4354 I,
453 4293 503 4342 915
512 4305 580 4356 seq,
597 4287 711 4342 laudem
723 4284 805 4340 Ennii
817 4286 838 4354 I,
852 4291 899 4340 117
909 4302 975 4352 seq,
994 4285 1109 4342 Homeri
1121 4286 1154 4352 V,
1170 4291 1242 4352 1037,

113 4370 201 4425 nitidos
214 4388 309 4426 versus
327 4371 360 4439 V,
375 4379 439 4458 1319
453 4389 543 4442 seqq.‚
562 4371 687 4428 carmina
704 4370 733 4425 in
751 4369 859 4429 deliciis
877 4370 953 4426 vitae
971 4371 1071 4426 habita
1087 4371 1156 4424 ibid.
1170 4375 1242 4426 1450.

129 4518 130 4522 Ἰ
155 4466 261 4508 nmsmc.
1024 4479 1040 4528 5
