3066 4914
16 2079 18 2142 l

16 2145 18 2188 ι

563 322 772 385 ..55-

68 491 178 556 τέλοε
202 492 387 572 ευντηρὴεει
409 493 461 556 καὶ
476 494 546 556 πῶς
561 513 607 556 τι(
630 490 713 557 ἑκὼν
735 491 819 557 εἶναι
841 494 882 574 μὴ
898 493 1058 574 apoteca
1080 490 1113 563 ἐξ
1137 493 1238 575 ἀρχῆς

72 602 133 666 ἐπὶ
158 603 221 666 τὰ(
244 606 311 667 τῶν
332 590 466 679 ’πληθῶν
489 601 598 682 ἀρχάς.

169 803 334 868 Posthac
356 771 572 888 fragmentum
593 803 783 870 Plutarchus
806 804 970 868 dumtaxat
992 805 1096 870 verbis
1119 809 1171 872 καὶ
1192 809 1238 874 ἔτι

74 920 185 980 ταῦτα
208 915 292 993 πρὸ(
315 913 448 979 ἐκείνοι(
469 913 653 997 praemissis
677 913 769 978 affert
789 913 903 999 fragm.
927 937 1014 980 num.
1031 915 1124 1000 XVI,
1153 916 1237 981 unde

75 1023 236 1108 patescit,
260 1023 357 1087 etiam
378 1023 594 1110 fragmentum
617 1024 712 1087 modo
736 1024 930 1108 exscriptum
954 1025 1072 1111 (λέγειν
1088 1031 1138 1106 δεῖ
1152 1030 1245 1112 κτλ.)

77 1133 270 1198 Metrodoro
297 1133 501 1197 tribuendum
529 1155 606 1198 esse.
658 1135 857 1215 l'pdrpovrec,
897 1135 1156 1220 ἀποφαίνοντες,
1184 1139 1235 1218 λε’-

76 1265 199 1322 γοντεε
229 1245 393 1327 ceteraque
421 1243 593 1327 participia
619 1265 751 1307 numero
779 1243 894 1327 plurali
922 1245 1074 1329 usurpata
1103 1249 1235 1311 cunctos

77 1355 115 1417 in
134 1353 321 1417 universum
343 1353 528 1438 significant
543 1353 733 1438 Epicureos,
757 1376 891 1438 quorum
913 1377 1027 1439 unum,
1051 1357 1085 1419 ut
1100 1355 1234 1440 videtur,
1313 1354 1318 1361 ’

79 1463 306 1528 Metrodorum
320 1462 511 1527 Plutarchus
533 1464 629 1528 etiam
644 1464 748 1528 verbis
763 1466 892 1542 rdv‘rrir
908 1465 1075 1547 ἀταραξία(
1098 1504 1140 1513 -
1160 1468 1233 1547 ἡγε-

82 1573 211 1654 μονίαι(
235 1573 286 1658 (τὸ
310 1575 484 1655 sacristae
498 1611 540 1621 -
557 1575 766 1656 διάπτωεινῗ)
789 1573 912 1659 laudat,
936 1597 1016 1658 quae
1032 1575 1233 1640 Metrodorus

80 1683 187 1746 verbis
204 1682 317 1768 fragm.
334 1681 445 1750 XVII:
469 1685 539 1750 οὐδ’
554 1685 606 1750 ἐπὶ
629 1686 726 1770 copta
748 1685 916 1766 crepdvurv
933 1687 1101 1767 τυγχάνειν
1124 1689 1233 1770 aperte

80 1775 261 1876 opposuit..
570 1799 573 1806 '

612 1912 699 1966 xxl.

236 2011 588 2096 subterstrata.
652 2057 654 2060 -
767 2005 771 2012 ’

124 2125 362 2205 Μητρόδωρος·

166 2235 217 2299 Ἐν
241 2235 334 2299 πόλει
349 2236 426 2315 μήτε
450 2233 494 2300 ὼε
512 2233 597 2298 λέων
620 2233 839 2314 decerpturos,
862 2235 940 2314 μήτε
964 2236 1230 2318 bertacurt

83 2347 139 2425 μὲν
161 2345 223 2424 γὰρ
246 2344 444 2426 ἑκπατεῖται,
466 2345 504 2409 τὸ
528 2345 563 2409 δὲ
585 2347 875 2425 καιροφυλακεῑται.

165 2546 296 2611 Passiva
334 2547 502 2611 verborum
537 2548 684 2614 ἐκπατεῖν
704 2548 751 2611 ἐν
788 2549 1037 2628 καιροφυλακεῐν
1071 2570 1229 2632 nusquam

67 2634 158 2721 ‘auu
179 2657 316 2720 invenio.

164 2765 322 2850 Epicurus
344 2769 426 2830 teste
447 2765 574 2830 Laertio
594 2765 634 2850 X,
652 2768 713 2831 119
734 2767 769 2830 in
789 2766 894 2851 primo
918 2765 956 2829 de
979 2766 1053 2830 vitis
1076 2767 1158 2832 libro
1181 2791 1228 2832 sa-

84 2878 221 2961 pientem
258 2877 405 2960 exposuit
432 2877 471 2942 οὐ
499 2866 753 2962 committerem,
787 2877 864 2942 οὐδὲ
893 2877 1131 2959 τυραννεύτειν,
1166 2877 1228 2942 hoc

85 2986 207 3070 quidem
230 2985 382 3070 consilia,
411 2990 447 3050 ut
468 2986 666 3071 prohiberet,
694 3009 734 3052 ne
757 2987 828 3071 quis
850 2985 1079 3051 beatitudinem
1102 3008 1227 3052 assecu-

85 3100 168 3160 turus
183 3095 358 3160 honoribus
378 3097 571 3180 reipublicae
593 3097 795 3181 capessendis
817 3096 1021 3180 imperiisque
1043 3097 1226 3182 ambitione,
1331 3155 1336 3165 .

78 3207 163 3270 'vitae
190 3228 209 3270 a
234 3206 528 3289 perturbationibus
561 3207 680 3270 liberae
708 3207 804 3291 plane
833 3207 1008 3290 contraria,
1043 3206 1226 3272 obtinendis

57 3359 62 3365 -
87 3337 149 3380 sese
170 3315 306 3381 dederet.
352 3315 400 3382 cf.
423 3315 548 3380 Lucret.
572 3316 610 3380 de
632 3319 697 3380 nat.
721 3339 780 3381 rer.
803 3316 843 3400 V,
868 3317 950 3382 1129
966 3338 1046 3400 seq.·:

230 3447 379 3508 ut‘satius
401 3449 477 3508 mult
513 3449 577 3524 jam
600 3449 639 3509 sit
660 3468 764 3524 parere
788 3436 934 3525 quictem,

232 3578 321 3635 quam
343 3577 445 3635 regere
467 3559 594 3634 imperio
615 3577 662 3617 res
684 3559 760 3618 velle
782 3561 812 3618 ct
834 3578 926 3636 regna
947 3561 1058 3619 tenere.

89 3679 189 3764 Itaque
217 3680 251 3744 in
273 3679 323 3744 his
345 3679 521 3745 Metrodori
549 3679 738 3766 fragmentis
761 3700 816 3744 eos
844 3679 967 3744 irrideri
989 3681 1140 3766 legimus,
1169 3683 1223 3766 qui

90 3792 228 3876 δαψιλείᾳ
250 3789 357 3872 τύφου
380 3788 509 3854 excitati
538 3789 647 3854 eadem
670 3791 764 3873 atquc
785 3788 951 3874 Lycurgus
974 3792 1006 3853 et
1028 3789 1127 3855 Solon
1150 3813 1223 3856 con·
1291 3797 1317 3814 ·’

90 3901 220 3968 tentione
235 3903 436 3982 moveantur,
459 3920 542 3987 quos
562 3899 705 3964 omnium
724 3900 984 3985 legumlatorum,
1008 3900 1062 3983 qui
1077 3899 1117 3964 ad
1132 3922 1223 3966 suurn

77 4007 218 4093 {ipsorum
245 4005 267 4074 ’ν’
303 4012 372 4074 tum
399 4009 566 4074 arbitrium
596 4012 628 4074 et
648 4012 762 4073 nutum
785 4008 981 4093 reipublicae
1008 4009 1224 4094 gubernacula

90 4120 205 4184 tractari
219 4121 335 4203 velint,
360 4120 505 4203 exempla
521 4119 644 4186 homini
666 4118 766 4182 libero
781 4119 916 4183 ridicula
930 4118 1091 4203 proponit.
1123 4118 1222 4204 Cujus

92 4229 260 4294 ambitionis
288 4251 414 4296 eausam
436 4228 601 4294 Lucretius
623 4228 671 4311 V,
699 4229 780 4294 1120
802 4250 888 4315 seqq.
917 4228 1023 4293 verbis
1052 4227 1140 4295 hisce
1168 4230 1220 4295 ad-

91 4339 248 4405 umbravit:
