3066 4914
577 323 785 387 ..39...

580 619 692 713 Pars
723 618 776 713 Π.

191 824 373 906 Antequam
395 823 435 886 ad
462 823 547 905 ipsas
569 821 716 887 accedam
739 843 871 906 operum
893 821 1069 886 Metrodori
1091 822 1250 909 reliquias,

96 933 202 998 certis
229 932 574 1018 quidem‘fragmentis
595 953 726 997 necesse
753 932 878 997 videtur
898 954 1000 1016 pauca
1025 933 1189 1017 praemitti
1211 933 1250 998 de

96 1044 142 1107 iis
172 1043 270 1126 locis‚.
304 1042 358 1126 qui
386 1045 455 1106 tum
482 1041 617 1106 aliorum
640 1045 719 1106 sunt
746 1042 1014 1127 Metrodororum‚
1047 1046 1116 1108 tum
1144 1043 1249 1128 specie

96 1153 239 1237 quadam
260 1152 495 1237 probabilitatis
517 1151 675 1236 Epicureo
698 1152 830 1216 attribui
852 1156 981 1236 queunt.
1027 1153 1182 1218 Omittam
1204 1157 1250 1218 ta·

96 1262 176 1327 men
200 1264 287 1328 locos
309 1263 360 1326 vel
383 1262 499 1326 diserte
521 1262 572 1326 vel
594 1262 689 1327 certis
711 1263 837 1327 iudiciis
861 1264 998 1348 cujusvis
1020 1265 1147 1348 generis
1170 1264 1250 1329 alios
1297 1265 1301 1272 ’

97 1373 304 1438 Metrodoros
326 1394 402 1456 prae
418 1394 451 1436 se
473 1373 611 1436 ferentes
634 1373 806 1456 scriptores
812 1423 821 1455 ,
844 1373 943 1438 veluti
957 1374 1147 1459 fragmenta,
1171 1396 1250 1458 quae

98 1485 230 1548 exstant
250 1483 333 1566 apud
356 1471 512 1563 Solinum,
535 1481 674 1566 Lydum,
697 1481 890 1548 Scholiastes
913 1484 952 1548 ad
974 1483 1163 1568 Virgilium,
1186 1484 1247 1568 Ly-

101 1592 316 1678 cophronem,
339 1592 426 1657 alibi.

187 1703 266 1768 Prae
282 1702 395 1767 ceteris
410 1702 528 1786 placita
550 1703 589 1767 de
603 1702 745 1787 physicis
767 1706 940 1768 memorata
960 1704 1056 1768 velim
1072 1703 1249 1769 Metrodori

101 1813 233 1878 nomine
258 1813 418 1888 ¹instructa
447 1813 529 1896 apud
553 1811 908 1877 Pseudo-Plutarchum
931 1813 969 1877 de
991 1814 1091 1897 placo.
1115 1812 1248 1898 philosi.

102 1922 369 2007 (Pseudo-Galen.
386 1922 424 1986 de
438 1921 552 2006 philos.
569 1922 699 2007 histor,
721 1922 839 1988 Euseb.
854 1944 962 2008 praep.
980 1925 1109 2009 evang.)
1133 1927 1165 1988 et
1180 1923 1249 1990 Sto·

100 2034 215 2098 baeum
236 2034 361 2118 eclogg.
378 2031 486 2117 physe.
524 2032 665 2108 Quorum
688 2033 942 2118 fragmentorum
963 2033 1123 2118 plerisque
1145 2034 1249 2099 solum

100 2165 219 2209 nomen
240 2142 416 2208 Metrodori
444 2143 628 2226 impositum
651 2146 714 2228 θείη
744 2145 895 2227 quattuor
916 2164 990 2208 vero
1018 2145 1146 2209 exstant
1172 2147 1250 2210 nota

100 2254 245 2338 pleniore
266 2252 420 2338 insignita
442 2251 571 2318 haecce:
850 2341 852 2346 Ι

255 2365 287 2449 1)
311 2363 398 2429 Stob.
414 2363 435 2429 l.
453 2385 479 2427 c.
495 2362 521 2447 Ι,
538 2363 588 2448 10,
606 2363 660 2428 14:
685 2366 921 2447 Μητρόδωρος,
944 2365 1135 2446 Θεοκρίτου,
1160 2367 1246 2433 Χῖος.

221 2527 224 2534 ,
252 2474 287 2561 2)
309 2473 464 2538 Plutarch
478 2474 499 2538 l.
513 2495 539 2538 c.
555 2473 598 2558 II,
615 2473 661 2540 15.
686 2473 798 2538 Galen.
814 2474 834 2538 l.
848 2495 873 2538 c.
893 2475 940 2538 13.
964 2473 1080 2538 Euseb.
1097 2474 1118 2539 l.
1133 2496 1158 2539 c.
1175 2474 1247 2561 XV,

310 2583 372 2650 846
387 2582 432 2648 D:
456 2585 718 2668 Ἀναξίμανδρος,
736 2586 955 2664 Μητρόδωρος
971 2585 990 2650 ὁ
1007 2585 1098 2669 Χίος,
1116 2586 1244 2666 Κράτης.

253 2696 288 2780 3)
313 2694 400 2760 Stob.
422 2695 444 2758 l.
467 2715 492 2758 c.
519 2694 670 2779 1,22‚3.-
700 2692 811 2758 Galen.
833 2693 853 2758 l.
870 2714 896 2759 ο.
919 2696 953 2759 7:
983 2695 1203 2776 Μητρόδωρος
1225 2697 1244 2760 ὁ

310 2807 488 2886 καθηγητὴς
511 2793 707 2885 Ἐπικούρου.

186 2914 352 2986 Postrema
381 2915 479 2979 verba
508 2915 527 2982 ὁ
555 2920 622 2980 καθ.
651 2916 728 3000 Ἐπ.
750 2914 846 2978 alium
880 2915 1048 2999 designare
1080 2921 1256 3000 nequeunt,

103 3024 166 3088 nisi
180 3024 310 3109 Chium,
333 3024 426 3089 modo
443 3025 520 3089 alibi
535 3025 663 3109 quidem
679 3024 841 3108 inusitato,
857 3025 987 3089 minime
1002 3027 1110 3090 tamen
1124 3026 1245 3111 inepto.

104 3134 226 3200 Desunt
247 3135 325 3200 haec
347 3135 444 3199 verba
466 3136 550 3219 apud
572 3135 733 3200 Plutarch.
756 3136 777 3199 1.
795 3156 822 3199 c.
846 3134 872 3220 I,
895 3135 962 3214 {ab
985 3138 1017 3199 et
1038 3134 1156 3201 Iduseb.
1180 3137 1201 3202 l.
1219 3159 1246 3201 c.

103 3243 166 3308 842
180 3247 225 3324 A,
253 3244 485 3330 perplacitum
508 3245 686 3310 afferentes.
732 3244 883 3310 Ceterum
904 3266 971 3310 non
994 3247 1057 3330 est,
1087 3246 1171 3329 quod
1194 3268 1248 3310 vo-

104 3375 172 3418 cem
190 3358 366 3437 καθηγητής
388 3355 504 3420 mendo
526 3358 706 3439 corruptam
727 3357 875 3446 putemus
899 3356 954 3440 (cf.
972 3355 1082 3420 Zeller.
1100 3355 1134 3419 in
1149 3355 1247 3420 libro:

106 3463 294 3531 Geschichte
309 3466 366 3530 der
379 3465 499 3530 Philos.
521 3465 550 3529 d.
569 3464 695 3530 Griech.
720 3465 767 3529 ed.
784 3464 830 3550 113
854 3469 930 3530 tom.
947 3464 964 3529 Ι
984 3487 1057 3550 pag.
1074 3466 1137 3531 662
1152 3467 1246 3550 not).

251 3578 287 3664 4)
304 3574 466 3641 Plutarch.
483 3575 503 3640 1.
520 3597 547 3640 e.
563 3574 611 3659 Π,
629 3577 646 3640 1
671 3574 725 3660 (cf.
743 3574 851 3658 Oyrill.
869 3597 893 3640 c.
908 3574 1027 3640 Julian.
1044 3574 1086 3660 ΙΙ,
1101 3597 1177 3660 pag.
1193 3576 1245 3642 46.

310 3686 391 3770 Ορρ.
415 3689 491 3750 tom.
508 3684 554 3749 Vl
575 3685 623 3749 ed.
639 3685 772 3750 Aubert.
789 3683 892 3748 Lutet.
911 3684 1022 3768 1638):
1045 3687 1247 3768 Δημόκριτος

306 3800 358 3863 καί
379 3796 564 3877 Ἐπίκουρος
591 3797 643 3862 καὶ
670 3797 689 3860 ὁ
717 3796 837 3862 τούτου
864 3797 1002 3877 μαθητὴς
1025 3796 1247 3876 Μητρόδωρος

309 3907 461 3989 ἀπείρους
494 3907 629 3988 κόςμους
664 3907 699 3972 ἐν
727 3911 773 3990 τῷ
806 3905 928 3990 ἀπείρῳ
958 3897 1115 3971 καὶκατὰ
1143 3910 1247 3972 πᾶςαν

308 4019 497 4098 περίςταςιν.
547 4017 668 4093 Quibus
701 4015 806 4080 verbis
839 4013 1040 4079 Metrodorus
1070 4013 1246 4098 Epicureus

310 4127 447 4193 dilucide
462 4125 640 4214 denotatur,
655 4127 802 4210 idemque
817 4125 937 4191 dietum
952 4147 970 4190 a
986 4125 1108 4191 Galerio
1123 4125 1144 4188 l.
1161 4145 1188 4188 o.
1207 4125 1244 4188 ll

310 4237 373 4303 hoc
394 4237 489 4302 modo
513 4238 656 4304 affertur:
685 4240 725 4303 Δ.
748 4239 800 4304 καί
821 4239 862 4302 Ἐ.
892 4239 943 4302 καί
970 4237 989 4303 ὁ
1011 4236 1129 4302 τούτου
1151 4241 1245 4314 καθη-

309 4351 406 4429 γητὴς
434 4348 614 4416 Λεύκιππος
647 4349 800 4430 ἀπείρους
828 4350 913 4429 κόςμ.
949 4348 984 4413 ἐν
1012 4370 1038 4413 τ.
1068 4345 1134 4411 ἀπ.Ι
1152 4351 1245 4430 κενῷ.
