3066 4914
574 351 781 414 „21„

79 522 151 586 eni
173 522 234 600 τὴν
258 501 604 604 coaltercantur.
628 519 742 604 fragm.
765 541 851 585 num.
869 519 995 585 xxxu
1010 525 1044 586 a
1058 523 1149 609 nu).
1195 524 1251 590 ce-

80 633 203 694 terum
231 617 318 694 talis¹
337 629 399 695 fuit
419 629 568 714 magistri
596 631 734 702 sectator
754 629 971 714 Metrodorus,
1001 634 1037 694 ut
1058 654 1077 696 a
1099 633 1251 700 Cicerone

82 739 136 803 de
158 739 248 804 finib.
272 739 320 822 ΙΙ,
343 739 394 822 28,
417 739 458 804 92
481 761 615 823 „paene
629 740 716 806 'alter
737 740 925 824 Epicurus“
945 745 1155 826 nuncupetur.
1201 745 1248 810 Cf.

82 849 239 915 Tusculi
262 849 375 932 Dispp.
398 847 447 932 II,
468 849 499 932 3,
522 849 551 914 8.
595 849 714 934 Atqui,
735 851 800 914 nisi
821 837 1021 916 Metrodorus
1043 852 1162 936 aliquid
1183 877 1249 920 mo·

83 959 199 1026 menti
220 959 375 1043 gravioris
398 959 439 1022 ad
460 959 563 1043 ipsam
579 959 757 1024 doctrinam
778 960 904 1043 hahuit,
928 981 998 1044 cur,
1022 983 1156 1046 quaeso,
1180 966 1248 1048 ejus

83 1071 249 1155 dogmata
269 1069 468 1136 laudaverint
490 1069 684 1155 scriptores?
713 1071 798 1146 Quin
812 1069 1002 1136 Plutarchus
1025 1093 1097 1138 cum
1119 1073 1151 1137 vi
1173 1096 1248 1158 qua-

85 1182 169 1246 dam
196 1180 288 1245 illum
316 1179 367 1245 his
391 1180 494 1246 verbis
523 1181 647 1246 inducit
675 1185 755 1266 (non
775 1201 870 1264 posse
893 1201 979 1244 suav.
1002 1181 1063 1246 riv.
1090 1182 1172 1248 1094
1186 1184 1247 1270 Ε);

84 1293 318 1373 παραθήεομαι
340 1292 424 1370 μόνα
446 1293 486 1356 τὰ
509 1292 748 1376 Μητροδώρου,
777 1293 811 1354 at
837 1289 927 1375 (adv.
951 1289 1051 1356 Colat.
1078 1293 1158 1358 1127
1181 1293 1245 1379 Β);
1307 1277 1310 1282 ’

86 1403 114 1467 ἃ
141 1404 179 1469 δὲ
202 1403 422 1482 Μητρόδωρος
446 1401 688 1484 -γέγραφεν,
719 1401 779 1467 οὐκ
807 1403 898 1486 ᾤμην
920 1405 988 1468 δεῖν
1015 1406 1163 1483 παρεῖναι
1192 1403 1245 1489 (οΙ.

86 1511 273 1577 Philodem.
302 1511 341 1576 de
363 1511 433 1576 vitt
456 1511 541 1575 virtt.
572 1531 682 1596 oppos.
711 1509 1036 1596 Callicome,
1067 1512 1106 1577 de
1127 1512 1244 1579 rhetor.

89 1622 128 1688 C.
151 1623 191 1686 A.
222 1621 252 1686 V
275 1621 333 1686 col.
348 1621 426 1707 22),
447 1620 579 1704 perinde
608 1641 645 1686 ac
673 1618 794 1686 Seneca
822 1620 930 1706 epistt.
959 1620 1104 1695 LXXXI.
1128 1621 1243 1698 XCIX.

86 1735 209 1818 longus
225 1735 275 1796 est
295 1731 330 1795 in
344 1731 526 1798 Metrodoro
542 1729 719 1794 refutando.
756 1729 925 1794 Praeterea
939 1730 1144 1797 Philodemus
1161 1755 1243 1800 com·

86 1842 347 1908 mactationibus
367 1863 519 1926 persaepe
541 1840 679 1905 intexuit
700 1839 929 1924 explicationes
946 1841 1164 1927 Lampsaceni,
1187 1844 1243 1910 sed

87 1975 166 2018 casu
194 1951 333 2036 quodam
364 1952 495 2034 accidit,
524 1953 561 2014 ut
582 1953 805 2036 argumentum
827 1950 893 2015 fere
916 1951 1074 2034 omnium,
1103 1975 1181 2036 quas
1204 1976 1243 2020 ex

88 2064 157 2147 ejus
180 2062 273 2127 libris
295 2062 418 2145 attulit,
441 2059 753 2146 interpretationum,
782 2081 941 2126 summum
962 2061 1085 2147 ingenii
1108 2085 1242 2129 acumen

87 2174 205 2258 majori
233 2194 272 2236 ex
300 2175 389 2256 parte
416 2171 602 2254 frustretur,
637 2170 722 2254 quod
749 2170 847 2234 rerba
872 2171 992 2235 nullius
1020 2172 1242 2255 explicationis

88 2286 273 2369 supersunt,
286 2284 421 2367 integra.

174 2393 396 2479 Cogitationes
418 2413 493 2457 vero
516 2391 556 2456 ab
573 2390 714 2476 Epicuro
738 2389 804 2454 sive
827 2389 944 2456 scholis
967 2390 1034 2456 sive
1056 2391 1147 2458 libris
1170 2398 1239 2460 tan-

87 2509 156 2570 tum
195 2504 400 2570 adumbratas
428 2501 630 2566 Metrodorus
662 2521 729 2564 non
760 2501 865 2566 solum
898 2501 1102 2567 confirmasse
1134 2506 1240 2588 expla-

87 2616 195 2682 nando
205 2617 251 2700 ¹¹),
285 2613 341 2678 sed
368 2616 401 2677 et
426 2613 604 2676 illustrasse
631 2611 886 2694 consequentiis,
913 2633 975 2676 nec
1002 2612 1107 2678 minus
1136 2615 1239 2680 varias

87 2748 194 2792 rerum
217 2722 573 2807 circumspiciendarum
594 2720 736 2786 rationes
763 2721 963 2805 excogitasse
984 2743 1145 2807 novasque
1166 2747 1238 2810 pro-

87 2837 200 2901 tulisse
228 2833 521 2918 argumentationes
544 2830 775 2896 sententiarum
797 2831 943 2916 magistri
964 2831 1198 2900 fulciendarum
1220 2859 1239 2900 a

87 2944 279 3012 Philodamo
300 2942 339 3008 de
359 2943 430 3008 vitt.
446 2943 533 3007 virtt.
550 2961 661 3026 oppos.
683 2939 719 3006 C.
735 2939 771 3005 P.
786 2939 837 3004 ΙΠ
860 2941 920 3006 οοΙ.
935 2942 977 3006 27
1000 2942 1152 3027 traditur,
1175 2966 1238 3028 quo

87 3057 157 3122 loeo
180 3055 318 3138 scriptor
340 3075 374 3118 se
396 3074 463 3119 non
485 3052 554 3118 sine
576 3050 764 3118 auctoritate
778 3051 934 3136 principis
957 3055 1030 3132 περὶ
1052 3053 1237 3136 οἰκονομία(

87 3165 273 3252 exposuisse
299 3164 344 3228 ait
365 3161 529 3247 additque:
557 3163 631 3243 ἡμῖν
653 3164 711 3243 μὲν
733 3161 843 3230 ἱκανὸς
866 3163 932 3243 μετ’
954 3163 1143 3243 Ἐπικούρου
1167 3167 1236 3246 Μη-

86 3278 253 3358 τρόδωρος
275 3275 471 3340 ἐπιετέδλονν
493 3275 545 3338 καὶ
565 3275 734 3352 παραινῶν
762 3273 813 3337 καὶ
835 3277 965 3339 διοικῶν
987 3272 1234 3355 ἑπιμελέετερον

86 3388 244 3470 καὶμέχρι
259 3385 466 3466 μικροτέρων.
497 3381 588 3460 Quod
611 3380 727 3446 attinet
744 3403 847 3467 genus
869 3381 1055 3466 scripturae,
1077 3381 1235 3468 fragmen-

85 3498 126 3562 tis
154 3497 253 3580 longe
275 3493 421 3580 plurimis
445 3494 549 3562 certus
571 3491 682 3556 modus
711 3493 858 3575 certaque
886 3491 1084 3576 exprimendi
1113 3494 1235 3578 species

85 3606 246 3689 inhaeret,
275 3605 464 3690 argumento
491 3602 531 3668 ab
558 3601 692 3686 Epicuri
719 3600 868 3666 doctrina
895 3602 1026 3667 omnino
1054 3624 1120 3667 non
1147 3602 1234 3668 diffe-

85 3720 183 3782 rente.
228 3715 376 3798 Namque
397 3714 483 3778 inest
503 3713 538 3778 in
560 3713 614 3796 iis,
638 3733 717 3796 quae
739 3714 877 3798 restant,
905 3712 1015 3796 dietis,
1038 3715 1133 3798 atque
1154 3713 1234 3780 haec

85 3830 134 3892 est
160 3847 272 3909 causa,
300 3824 384 3908 quod
406 3822 624 3888 Metrodorum
651 3823 692 3887 ab
719 3822 858 3887 inimicis
888 3822 1077 3887 creberrime
1100 3823 1233 3890 citatum

84 3939 243 4020 ridemus,
277 3935 325 4000 vis
353 3934 509 4020 quaedam
536 3933 728 3998 sententiam
758 3953 916 3998 exacuens
943 3933 1233 4019 vocabulorumque

84 4046 271 4112 notionibus
298 4043 516 4109 vehementius
545 4043 621 4128 quid
647 4043 811 4128 injiciens,
845 4065 907 4127 qua
934 4043 984 4128 fit,
1021 4047 1058 4108 ut
1077 4044 1231 4129 magistro

151 4312 173 4378 n)
193 4307 235 4362 Cf.
249 4307 304 4363 Cic.
317 4307 441 4363 Tusculi.
453 4305 549 4375 Dispp.
562 4306 596 4374 V,
608 4313 633 4374 9,
645 4313 689 4362 27:
709 4306 811 4372 „Quod
829 4305 905 4362 idem
922 4303 1127 4360 melioribus
1146 4303 1231 4360 etiam

85 4393 194 4451 verbis“
213 4395 310 4461 (quam
327 4391 475 4462 Epicurus)
494 4391 704 4457 ‚,Metrodorus“
723 4392 775 4445 cet.
