<?xml version="1.0" encoding="UTF-8"?>
<!DOCTYPE html PUBLIC "-//W3C//DTD XHTML 1.0 Transitional//EN"
    "http://www.w3.org/TR/xhtml1/DTD/xhtml1-transitional.dtd">
<html xmlns="http://www.w3.org/1999/xhtml" xml:lang="en" lang="en">
 <head>
  <title>
</title>
<meta http-equiv="Content-Type" content="text/html;charset=utf-8" />
  <meta name='ocr-system' content='tesseract 3.04.00' />
  <meta name='ocr-capabilities' content='ocr_page ocr_carea ocr_par ocr_line ocrx_word'/>
</head>
<body>
  <div class='ocr_page' id='page_1' title='image "./demetrodoriepic00metrgoog_0069.png"; bbox 0 0 3066 4914; ppageno 0'>
   <div class='ocr_carea' id='block_1_1' title="bbox 616 341 826 406">
    <p class='ocr_par' dir='ltr' id='par_1_1' title="bbox 616 341 826 406">
     <span class='ocr_line' id='line_1_1' title="bbox 616 341 826 406; baseline 0 -17"><span class='ocrx_word' id='word_1_1' title='bbox 616 341 826 406; x_wconf 67' lang='grc'>..(51.-</span> 
     </span>
    </p>
   </div>
   <div class='ocr_carea' id='block_1_2' title="bbox 654 579 782 635">
    <p class='ocr_par' dir='ltr' id='par_1_2' title="bbox 654 579 782 635">
     <span class='ocr_line' id='line_1_2' title="bbox 654 579 782 635; baseline 0.016 -2"><span class='ocrx_word' id='word_1_2' title='bbox 654 579 782 635; x_wconf 76' lang='lat' dir='ltr'>xxm.</span> 
     </span>
    </p>
   </div>
   <div class='ocr_carea' id='block_1_3' title="bbox 270 713 1344 1021">
    <p class='ocr_par' dir='ltr' id='par_1_3' title="bbox 270 713 1344 1021">
     <span class='ocr_line' id='line_1_3' title="bbox 297 713 1344 802; baseline 0.004 -22.992"><span class='ocrx_word' id='word_1_3' title='bbox 297 715 429 779; x_wconf 83' lang='lat' dir='ltr'><strong>Maxim.</strong></span> <span class='ocrx_word' id='word_1_4' title='bbox 446 716 589 782; x_wconf 76' lang='lat' dir='ltr'>Confess.</span> <span class='ocrx_word' id='word_1_5' title='bbox 606 716 706 800; x_wconf 90' lang='lat' dir='ltr'>eclog.</span> <span class='ocrx_word' id='word_1_6' title='bbox 723 717 758 779; x_wconf 91' lang='lat' dir='ltr'>in</span> <span class='ocrx_word' id='word_1_7' title='bbox 774 737 847 799; x_wconf 89' lang='lat' dir='ltr'>opp.</span> <span class='ocrx_word' id='word_1_8' title='bbox 864 715 912 780; x_wconf 91' lang='lat' dir='ltr'>ed.</span> <span class='ocrx_word' id='word_1_9' title='bbox 926 713 1070 781; x_wconf 79' lang='lat' dir='ltr'>Combef.</span> <span class='ocrx_word' id='word_1_10' title='bbox 1086 715 1119 781; x_wconf 88' lang='lat' dir='ltr'>II</span> <span class='ocrx_word' id='word_1_11' title='bbox 1134 739 1207 802; x_wconf 85' lang='lat' dir='ltr'>pag.</span> <span class='ocrx_word' id='word_1_12' title='bbox 1222 718 1294 782; x_wconf 85' lang='grc'>638.</span> <span class='ocrx_word' id='word_1_13' title='bbox 1343 785 1344 788; x_wconf 65' lang='grc'>,</span> 
     </span>
     <span class='ocr_line' id='line_1_4' title="bbox 270 824 1292 910; baseline 0.002 -22"><span class='ocrx_word' id='word_1_14' title='bbox 270 847 274 852; x_wconf 95' lang='grc'><strong><em>·</em></strong></span> <span class='ocrx_word' id='word_1_15' title='bbox 347 825 407 889; x_wconf 92' lang='lat' dir='ltr'>Ed.</span> <span class='ocrx_word' id='word_1_16' title='bbox 438 825 477 892; x_wconf 79' lang='grc'>,(1.</span> <span class='ocrx_word' id='word_1_17' title='bbox 514 825 645 890; x_wconf 85' lang='lat' dir='ltr'>Gesner.</span> <span class='ocrx_word' id='word_1_18' title='bbox 679 824 740 889; x_wconf 88' lang='lat' dir='ltr'>loc.</span> <span class='ocrx_word' id='word_1_19' title='bbox 775 843 932 889; x_wconf 84' lang='lat' dir='ltr'><strong>commun.</strong></span> <span class='ocrx_word' id='word_1_20' title='bbox 968 824 1066 889; x_wconf 82' lang='lat' dir='ltr'>Serm.</span> <span class='ocrx_word' id='word_1_21' title='bbox 1090 827 1130 890; x_wconf 82' lang='grc'>72</span> <span class='ocrx_word' id='word_1_22' title='bbox 1163 827 1292 910; x_wconf 79' lang='lat' dir='ltr'>(Aurei.</span> 
     </span>
     <span class='ocr_line' id='line_1_5' title="bbox 347 934 604 1021; baseline 0.004 -22"><span class='ocrx_word' id='word_1_23' title='bbox 347 935 471 999; x_wconf 88' lang='lat' dir='ltr'>Allobr.</span> <span class='ocrx_word' id='word_1_24' title='bbox 498 934 604 1021; x_wconf 90' lang='grc'>1609).</span> 
     </span>
    </p>
   </div>
   <div class='ocr_carea' id='block_1_4' title="bbox 138 1066 1294 1364">
    <p class='ocr_par' dir='ltr' id='par_1_4' title="bbox 138 1066 1294 1364">
     <span class='ocr_line' id='line_1_6' title="bbox 187 1066 1106 1166; baseline -0.004 -37"><span class='ocrx_word' id='word_1_25' title='bbox 187 1066 427 1166; x_wconf 84' lang='grc' dir='ltr'>Μητροδώρου·</span> <span class='ocrx_word' id='word_1_26' title='bbox 1102 1141 1106 1154; x_wconf 37' lang='grc' dir='ltr'>Ι</span> 
     </span>
     <span class='ocr_line' id='line_1_7' title="bbox 234 1175 1294 1257; baseline -0.001 -16"><span class='ocrx_word' id='word_1_27' title='bbox 234 1177 286 1254; x_wconf 91' lang='grc' dir='ltr'>Μὴ</span> <span class='ocrx_word' id='word_1_28' title='bbox 309 1176 393 1253; x_wconf 86' lang='grc' dir='ltr'>Ζήτει</span> <span class='ocrx_word' id='word_1_29' title='bbox 419 1175 558 1252; x_wconf 87' lang='grc' dir='ltr'>γίνεεθαι</span> <span class='ocrx_word' id='word_1_30' title='bbox 580 1177 619 1239; x_wconf 91' lang='grc' dir='ltr'>τὰ</span> <span class='ocrx_word' id='word_1_31' title='bbox 640 1175 793 1254; x_wconf 86' lang='grc' dir='ltr'>γινόμενα</span> <span class='ocrx_word' id='word_1_32' title='bbox 821 1175 865 1240; x_wconf 84' lang='grc' dir='ltr'>ὼε</span> <span class='ocrx_word' id='word_1_33' title='bbox 888 1175 1006 1257; x_wconf 78' lang='grc' dir='ltr'>θέλετε,</span> <span class='ocrx_word' id='word_1_34' title='bbox 1036 1175 1119 1239; x_wconf 82' lang='grc' dir='ltr'>ἀλλὰ</span> <span class='ocrx_word' id='word_1_35' title='bbox 1148 1177 1220 1240; x_wconf 84' lang='grc' dir='ltr'>θέλε</span> <span class='ocrx_word' id='word_1_36' title='bbox 1249 1177 1294 1240; x_wconf 84' lang='grc' dir='ltr'>ὼε</span> 
     </span>
     <span class='ocr_line' id='line_1_8' title="bbox 138 1284 573 1364; baseline -0.007 -13"><span class='ocrx_word' id='word_1_37' title='bbox 138 1287 184 1351; x_wconf 83' lang='grc' dir='ltr'>ἂν</span> <span class='ocrx_word' id='word_1_38' title='bbox 208 1286 248 1349; x_wconf 88' lang='grc' dir='ltr'>τὰ</span> <span class='ocrx_word' id='word_1_39' title='bbox 269 1285 422 1363; x_wconf 86' lang='grc' dir='ltr'>γινόμενα</span> <span class='ocrx_word' id='word_1_40' title='bbox 443 1284 573 1364; x_wconf 87' lang='grc' dir='ltr'>γίνηται.</span> 
     </span>
    </p>
   </div>
   <div class='ocr_carea' id='block_1_5' title="bbox 11 1502 1385 4446">
    <p class='ocr_par' dir='ltr' id='par_1_5' title="bbox 140 1502 1292 2246">
     <span class='ocr_line' id='line_1_9' title="bbox 232 1502 1292 1589; baseline 0.002 -23"><span class='ocrx_word' id='word_1_41' title='bbox 232 1504 319 1588; x_wconf 87' lang='lat' dir='ltr'>Apte</span> <span class='ocrx_word' id='word_1_42' title='bbox 348 1503 546 1567; x_wconf 91' lang='lat' dir='ltr'>conveniunt</span> <span class='ocrx_word' id='word_1_43' title='bbox 571 1502 650 1568; x_wconf 89' lang='lat' dir='ltr'>haec</span> <span class='ocrx_word' id='word_1_44' title='bbox 677 1504 859 1589; x_wconf 88' lang='lat' dir='ltr'>fragmenta</span> <span class='ocrx_word' id='word_1_45' title='bbox 881 1525 952 1568; x_wconf 92' lang='lat' dir='ltr'>cum</span> <span class='ocrx_word' id='word_1_46' title='bbox 974 1503 1106 1587; x_wconf 88' lang='lat' dir='ltr'>Epicuri</span> <span class='ocrx_word' id='word_1_47' title='bbox 1134 1505 1292 1587; x_wconf 90' lang='lat' dir='ltr'>opinioni-</span> 
     </span>
     <span class='ocr_line' id='line_1_10' title="bbox 142 1613 1291 1698; baseline -0.001 -20"><span class='ocrx_word' id='word_1_48' title='bbox 142 1615 220 1696; x_wconf 82' lang='lat' dir='ltr'>bus,</span> <span class='ocrx_word' id='word_1_49' title='bbox 244 1614 297 1697; x_wconf 90' lang='lat' dir='ltr'>qui</span> <span class='ocrx_word' id='word_1_50' title='bbox 306 1663 315 1696; x_wconf 88' lang='lat'><em>,</em></span> <span class='ocrx_word' id='word_1_51' title='bbox 338 1613 501 1676; x_wconf 91' lang='lat' dir='ltr'>hominem</span> <span class='ocrx_word' id='word_1_52' title='bbox 517 1635 535 1676; x_wconf 90' lang='lat' dir='ltr'>a</span> <span class='ocrx_word' id='word_1_53' title='bbox 550 1613 619 1677; x_wconf 90' lang='lat' dir='ltr'>dira</span> <span class='ocrx_word' id='word_1_54' title='bbox 633 1615 822 1679; x_wconf 71' lang='lat' dir='ltr'>necessitate</span> <span class='ocrx_word' id='word_1_55' title='bbox 838 1613 1054 1677; x_wconf 85' lang='lat' dir='ltr'>vindicaturus</span> <span class='ocrx_word' id='word_1_56' title='bbox 1074 1663 1094 1697; x_wconf 86' lang='lat'><em>„</em></span> <span class='ocrx_word' id='word_1_57' title='bbox 1101 1614 1291 1698; x_wconf 88' lang='lat' dir='ltr'>principium</span> 
     </span>
     <span class='ocr_line' id='line_1_11' title="bbox 141 1699 1292 1807; baseline 0 -21"><span class='ocrx_word' id='word_1_58' title='bbox 141 1723 331 1807; x_wconf 88' lang='lat' dir='ltr'>quoddam“</span> <span class='ocrx_word' id='word_1_59' title='bbox 364 1722 545 1805; x_wconf 85' lang='lat' dir='ltr'>constituit,</span> <span class='ocrx_word' id='word_1_60' title='bbox 573 1699 684 1806; x_wconf 81' lang='lat' dir='ltr'>„quod</span> <span class='ocrx_word' id='word_1_61' title='bbox 712 1723 771 1786; x_wconf 86' lang='lat' dir='ltr'>fati</span> <span class='ocrx_word' id='word_1_62' title='bbox 798 1722 928 1786; x_wconf 84' lang='lat' dir='ltr'>foedera</span> <span class='ocrx_word' id='word_1_63' title='bbox 954 1727 1125 1807; x_wconf 84' lang='lat' dir='ltr'>rumpat“;</span> <span class='ocrx_word' id='word_1_64' title='bbox 1159 1724 1292 1787; x_wconf 81' lang='lat' dir='ltr'>liberam</span> 
     </span>
     <span class='ocr_line' id='line_1_12' title="bbox 142 1819 1291 1922; baseline 0 -26"><span class='ocrx_word' id='word_1_65' title='bbox 142 1833 307 1918; x_wconf 90' lang='lat' dir='ltr'>quandam</span> <span class='ocrx_word' id='word_1_66' title='bbox 335 1832 548 1911; x_wconf 76' lang='lat' dir='ltr'>voluntatem,</span> <span class='ocrx_word' id='word_1_67' title='bbox 578 1853 640 1915; x_wconf 89' lang='lat' dir='ltr'>qua</span> <span class='ocrx_word' id='word_1_68' title='bbox 667 1832 722 1896; x_wconf 88' lang='lat' dir='ltr'>ille</span> <span class='ocrx_word' id='word_1_69' title='bbox 750 1835 888 1895; x_wconf 83' lang='lat' dir='ltr'>externis</span> <span class='ocrx_word' id='word_1_70' title='bbox 915 1834 1068 1922; x_wconf 85' lang='lat' dir='ltr'>materiae</span> <span class='ocrx_word' id='word_1_71' title='bbox 1090 1819 1224 1899; x_wconf 26' lang='lat' dir='ltr'>viribus*</span> <span class='ocrx_word' id='word_1_72' title='bbox 1238 1834 1291 1897; x_wconf 90' lang='lat' dir='ltr'>ob-</span> 
     </span>
     <span class='ocr_line' id='line_1_13' title="bbox 142 1943 1292 2026; baseline 0 -20"><span class='ocrx_word' id='word_1_73' title='bbox 142 1947 230 2007; x_wconf 87' lang='lat' dir='ltr'>stare</span> <span class='ocrx_word' id='word_1_74' title='bbox 251 1944 361 2026; x_wconf 88' lang='lat' dir='ltr'>posset</span> <span class='ocrx_word' id='word_1_75' title='bbox 387 1944 573 2026; x_wconf 70' lang='lat' dir='ltr'>regeretque</span> <span class='ocrx_word' id='word_1_76' title='bbox 595 1945 701 2006; x_wconf 90' lang='lat' dir='ltr'>motus</span> <span class='ocrx_word' id='word_1_77' title='bbox 724 1963 761 2005; x_wconf 87' lang='lat' dir='ltr'>ex</span> <span class='ocrx_word' id='word_1_78' title='bbox 789 1943 960 2024; x_wconf 86' lang='lat' dir='ltr'>„materiai</span> <span class='ocrx_word' id='word_1_79' title='bbox 983 1943 1101 2026; x_wconf 86' lang='lat' dir='ltr'>copia“</span> <span class='ocrx_word' id='word_1_80' title='bbox 1127 1945 1217 2008; x_wconf 90' lang='lat' dir='ltr'>inse</span> <span class='ocrx_word' id='word_1_81' title='bbox 1240 1943 1292 2006; x_wconf 89' lang='lat' dir='ltr'>de-</span> 
     </span>
     <span class='ocr_line' id='line_1_14' title="bbox 140 2051 1289 2137; baseline 0.001 -22"><span class='ocrx_word' id='word_1_82' title='bbox 140 2053 293 2136; x_wconf 87' lang='lat' dir='ltr'>fluentes,</span> <span class='ocrx_word' id='word_1_83' title='bbox 317 2074 412 2135; x_wconf 87' lang='lat' dir='ltr'>quarn</span> <span class='ocrx_word' id='word_1_84' title='bbox 434 2052 626 2116; x_wconf 77' lang='lat' dir='ltr'>sententiam</span> <span class='ocrx_word' id='word_1_85' title='bbox 648 2052 814 2116; x_wconf 88' lang='lat' dir='ltr'>Lueretius</span> <span class='ocrx_word' id='word_1_86' title='bbox 837 2053 876 2114; x_wconf 91' lang='lat' dir='ltr'>de</span> <span class='ocrx_word' id='word_1_87' title='bbox 897 2073 957 2116; x_wconf 86' lang='lat' dir='ltr'>rer.</span> <span class='ocrx_word' id='word_1_88' title='bbox 980 2055 1045 2116; x_wconf 87' lang='lat' dir='ltr'>nat.</span> <span class='ocrx_word' id='word_1_89' title='bbox 1067 2051 1109 2137; x_wconf 90' lang='grc' dir='ltr'>ΙΙ,</span> <span class='ocrx_word' id='word_1_90' title='bbox 1125 2053 1187 2117; x_wconf 88' lang='grc'>216</span> <span class='ocrx_word' id='word_1_91' title='bbox 1203 2075 1289 2137; x_wconf 92' lang='lat' dir='ltr'>seqq.</span> 
     </span>
     <span class='ocr_line' id='line_1_15' title="bbox 142 2161 1290 2246; baseline -0.002 -19"><span class='ocrx_word' id='word_1_92' title='bbox 142 2164 205 2228; x_wconf 76' lang='lat'>257</span> <span class='ocrx_word' id='word_1_93' title='bbox 224 2184 310 2246; x_wconf 83' lang='lat' dir='ltr'>seqq.</span> <span class='ocrx_word' id='word_1_94' title='bbox 338 2161 440 2225; x_wconf 84' lang='lat' dir='ltr'>fusius</span> <span class='ocrx_word' id='word_1_95' title='bbox 469 2162 622 2245; x_wconf 85' lang='lat' dir='ltr'>explicat,</span> <span class='ocrx_word' id='word_1_96' title='bbox 655 2161 792 2226; x_wconf 84' lang='lat' dir='ltr'>maxime</span> <span class='ocrx_word' id='word_1_97' title='bbox 815 2161 903 2226; x_wconf 88' lang='lat' dir='ltr'>illam</span> <span class='ocrx_word' id='word_1_98' title='bbox 926 2162 1053 2245; x_wconf 87' lang='lat' dir='ltr'>quidem</span> <span class='ocrx_word' id='word_1_99' title='bbox 1076 2185 1094 2226; x_wconf 91' lang='lat' dir='ltr'>a</span> <span class='ocrx_word' id='word_1_100' title='bbox 1115 2162 1290 2228; x_wconf 86' lang='lat' dir='ltr'>Democriti</span> 
     </span>
    </p>

    <p class='ocr_par' dir='ltr' id='par_1_6' title="bbox 85 2272 644 2357">
     <span class='ocr_line' id='line_1_16' title="bbox 85 2272 644 2357; baseline -0.004 -21"><span class='ocrx_word' id='word_1_101' title='bbox 85 2329 88 2336; x_wconf 89' lang='lat'>.</span> <span class='ocrx_word' id='word_1_102' title='bbox 142 2273 264 2357; x_wconf 91' lang='lat' dir='ltr'>placito</span> <span class='ocrx_word' id='word_1_103' title='bbox 287 2272 530 2357; x_wconf 88' lang='lat' dir='ltr'>discrepantem.</span> <span class='ocrx_word' id='word_1_104' title='bbox 642 2283 644 2290; x_wconf 88' lang='lat'>&#39;</span> 
     </span>
    </p>

    <p class='ocr_par' dir='ltr' id='par_1_7' title="bbox 229 2381 1291 2466">
     <span class='ocr_line' id='line_1_17' title="bbox 229 2381 1291 2466; baseline 0.003 -22"><span class='ocrx_word' id='word_1_105' title='bbox 229 2381 369 2445; x_wconf 83' lang='lat' dir='ltr'>Tametsi</span> <span class='ocrx_word' id='word_1_106' title='bbox 390 2381 485 2447; x_wconf 87' lang='lat' dir='ltr'>homo</span> <span class='ocrx_word' id='word_1_107' title='bbox 509 2381 558 2446; x_wconf 90' lang='lat' dir='ltr'>sui</span> <span class='ocrx_word' id='word_1_108' title='bbox 579 2381 679 2465; x_wconf 92' lang='lat' dir='ltr'>ipsius</span> <span class='ocrx_word' id='word_1_109' title='bbox 702 2381 795 2445; x_wconf 91' lang='lat' dir='ltr'>modo</span> <span class='ocrx_word' id='word_1_110' title='bbox 813 2382 963 2466; x_wconf 91' lang='lat' dir='ltr'>quopiam</span> <span class='ocrx_word' id='word_1_111' title='bbox 985 2381 1084 2447; x_wconf 90' lang='lat' dir='ltr'>habet</span> <span class='ocrx_word' id='word_1_112' title='bbox 1105 2383 1291 2447; x_wconf 82' lang='lat' dir='ltr'>facultatem</span> 
     </span>
    </p>

    <p class='ocr_par' dir='ltr' id='par_1_8' title="bbox 144 2490 1289 2578">
     <span class='ocr_line' id='line_1_18' title="bbox 144 2490 1289 2578; baseline -0.001 -20"><span class='ocrx_word' id='word_1_113' title='bbox 144 2495 197 2578; x_wconf 91' lang='grc' dir='ltr'>(τὸ</span> <span class='ocrx_word' id='word_1_114' title='bbox 221 2495 256 2558; x_wconf 79' lang='grc' dir='ltr'>δὲ</span> <span class='ocrx_word' id='word_1_115' title='bbox 278 2493 353 2571; x_wconf 80' lang='grc' dir='ltr'>παρ’</span> <span class='ocrx_word' id='word_1_116' title='bbox 375 2493 448 2573; x_wconf 84' lang='grc' dir='ltr'>ἡμῖν</span> <span class='ocrx_word' id='word_1_117' title='bbox 472 2492 651 2557; x_wconf 84' lang='grc' dir='ltr'>ἀδέεποτον</span> <span class='ocrx_word' id='word_1_118' title='bbox 673 2490 803 2574; x_wconf 81' lang='lat' dir='ltr'>Epicur.</span> <span class='ocrx_word' id='word_1_119' title='bbox 827 2513 876 2575; x_wconf 89' lang='lat' dir='ltr'>ap.</span> <span class='ocrx_word' id='word_1_120' title='bbox 899 2490 995 2576; x_wconf 85' lang='lat' dir='ltr'>Diog.</span> <span class='ocrx_word' id='word_1_121' title='bbox 1019 2492 1122 2557; x_wconf 85' lang='lat' dir='ltr'>Laert.</span> <span class='ocrx_word' id='word_1_122' title='bbox 1146 2493 1185 2576; x_wconf 87' lang='grc' dir='ltr'>Χ,</span> <span class='ocrx_word' id='word_1_123' title='bbox 1204 2494 1289 2578; x_wconf 88' lang='lat'>133),</span> 
     </span>
    </p>

    <p class='ocr_par' dir='ltr' id='par_1_9' title="bbox 108 2601 1290 2691">
     <span class='ocr_line' id='line_1_19' title="bbox 108 2601 1290 2691; baseline 0 -25"><span class='ocrx_word' id='word_1_124' title='bbox 108 2685 110 2691; x_wconf 49' lang='lat'>.</span> <span class='ocrx_word' id='word_1_125' title='bbox 144 2605 180 2666; x_wconf 87' lang='lat' dir='ltr'>ut</span> <span class='ocrx_word' id='word_1_126' title='bbox 202 2601 303 2666; x_wconf 89' lang='lat' dir='ltr'>libera</span> <span class='ocrx_word' id='word_1_127' title='bbox 326 2602 463 2685; x_wconf 89' lang='lat' dir='ltr'>quadam</span> <span class='ocrx_word' id='word_1_128' title='bbox 485 2602 650 2666; x_wconf 86' lang='lat' dir='ltr'>voluntate</span> <span class='ocrx_word' id='word_1_129' title='bbox 673 2623 768 2686; x_wconf 89' lang='lat' dir='ltr'>agere</span> <span class='ocrx_word' id='word_1_130' title='bbox 789 2602 905 2685; x_wconf 86' lang='lat' dir='ltr'>possit,</span> <span class='ocrx_word' id='word_1_131' title='bbox 928 2603 1036 2665; x_wconf 91' lang='lat' dir='ltr'>tamen</span> <span class='ocrx_word' id='word_1_132' title='bbox 1057 2624 1184 2686; x_wconf 83' lang='lat' dir='ltr'>„rerum</span> <span class='ocrx_word' id='word_1_133' title='bbox 1207 2625 1290 2667; x_wconf 89' lang='lat' dir='ltr'>sum-</span> 
     </span>
    </p>

    <p class='ocr_par' dir='ltr' id='par_1_10' title="bbox 142 2710 1288 2796">
     <span class='ocr_line' id='line_1_20' title="bbox 142 2710 1288 2796; baseline 0.002 -20"><span class='ocrx_word' id='word_1_134' title='bbox 142 2714 255 2776; x_wconf 81' lang='lat' dir='ltr'>mam“</span> <span class='ocrx_word' id='word_1_135' title='bbox 282 2733 349 2776; x_wconf 92' lang='lat' dir='ltr'>non</span> <span class='ocrx_word' id='word_1_136' title='bbox 376 2715 510 2796; x_wconf 84' lang='lat' dir='ltr'>„potest</span> <span class='ocrx_word' id='word_1_137' title='bbox 539 2714 734 2775; x_wconf 90' lang='lat' dir='ltr'>commutare</span> <span class='ocrx_word' id='word_1_138' title='bbox 762 2710 828 2774; x_wconf 81' lang='lat' dir='ltr'>ulla</span> <span class='ocrx_word' id='word_1_139' title='bbox 855 2711 929 2774; x_wconf 87' lang='lat' dir='ltr'>vis“</span> <span class='ocrx_word' id='word_1_140' title='bbox 960 2711 1040 2795; x_wconf 85' lang='lat' dir='ltr'>(vid.</span> <span class='ocrx_word' id='word_1_141' title='bbox 1064 2711 1188 2777; x_wconf 88' lang='lat' dir='ltr'>Lucret.</span> <span class='ocrx_word' id='word_1_142' title='bbox 1218 2713 1238 2776; x_wconf 92' lang='lat' dir='ltr'>I.</span> <span class='ocrx_word' id='word_1_143' title='bbox 1263 2735 1288 2778; x_wconf 91' lang='lat' dir='ltr'>c.</span> 
     </span>
    </p>

    <p class='ocr_par' dir='ltr' id='par_1_11' title="bbox 142 2819 1385 3015">
     <span class='ocr_line' id='line_1_21' title="bbox 142 2819 1289 2906; baseline 0.003 -21"><span class='ocrx_word' id='word_1_144' title='bbox 142 2845 171 2886; x_wconf 87' lang='grc' dir='ltr'>ν.</span> <span class='ocrx_word' id='word_1_145' title='bbox 194 2823 281 2906; x_wconf 87' lang='grc'>303).</span> <span class='ocrx_word' id='word_1_146' title='bbox 327 2821 376 2887; x_wconf 79' lang='lat' dir='ltr'>cf.</span> <span class='ocrx_word' id='word_1_147' title='bbox 399 2821 528 2904; x_wconf 81' lang='lat' dir='ltr'>Epicur.</span> <span class='ocrx_word' id='word_1_148' title='bbox 558 2844 607 2905; x_wconf 73' lang='lat' dir='ltr'>ap,</span> <span class='ocrx_word' id='word_1_149' title='bbox 633 2821 811 2904; x_wconf 88' lang='lat' dir='ltr'>Diogenem</span> <span class='ocrx_word' id='word_1_150' title='bbox 833 2819 872 2900; x_wconf 78' lang='lat' dir='ltr'>X,</span> <span class='ocrx_word' id='word_1_151' title='bbox 897 2821 973 2884; x_wconf 83' lang='lat'>133:</span> <span class='ocrx_word' id='word_1_152' title='bbox 1002 2826 1054 2888; x_wconf 84' lang='grc' dir='ltr'>διὰ</span> <span class='ocrx_word' id='word_1_153' title='bbox 1081 2826 1118 2888; x_wconf 88' lang='grc' dir='ltr'>τὸ</span> <span class='ocrx_word' id='word_1_154' title='bbox 1147 2826 1204 2902; x_wconf 84' lang='grc' dir='ltr'>τὴν</span> <span class='ocrx_word' id='word_1_155' title='bbox 1232 2827 1289 2902; x_wconf 80' lang='grc' dir='ltr'>μὲν</span> 
     </span>
     <span class='ocr_line' id='line_1_22' title="bbox 143 2904 1385 3015; baseline 0.002 -17"><span class='ocrx_word' id='word_1_156' title='bbox 143 2933 286 3011; x_wconf 85' lang='grc' dir='ltr'>ἀνάγκην</span> <span class='ocrx_word' id='word_1_157' title='bbox 309 2934 534 2999; x_wconf 86' lang='grc' dir='ltr'>ἀνυπεύθυνον</span> <span class='ocrx_word' id='word_1_158' title='bbox 557 2931 638 2997; x_wconf 77' lang='grc' dir='ltr'>εἶναι</span> <span class='ocrx_word' id='word_1_159' title='bbox 662 2933 693 2994; x_wconf 90' lang='lat' dir='ltr'>et</span> <span class='ocrx_word' id='word_1_160' title='bbox 715 2904 799 3013; x_wconf 83' lang='lat' dir='ltr'>apbd</span> <span class='ocrx_word' id='word_1_161' title='bbox 821 2930 928 3015; x_wconf 80' lang='lat' dir='ltr'>Schol.</span> <span class='ocrx_word' id='word_1_162' title='bbox 951 2931 991 2994; x_wconf 91' lang='lat' dir='ltr'>ad</span> <span class='ocrx_word' id='word_1_163' title='bbox 1013 2931 1161 3015; x_wconf 87' lang='lat' dir='ltr'>Aeschyl.</span> <span class='ocrx_word' id='word_1_164' title='bbox 1184 2931 1288 2996; x_wconf 91' lang='lat' dir='ltr'>Prom.</span> <span class='ocrx_word' id='word_1_165' title='bbox 1384 2997 1385 3000; x_wconf 74' lang='grc'>,</span> 
     </span>
    </p>

    <p class='ocr_par' dir='ltr' id='par_1_12' title="bbox 143 3033 1289 3126">
     <span class='ocr_line' id='line_1_23' title="bbox 143 3033 1289 3126; baseline 0.001 -22"><span class='ocrx_word' id='word_1_166' title='bbox 143 3042 207 3105; x_wconf 88' lang='grc'>624</span> <span class='ocrx_word' id='word_1_167' title='bbox 230 3041 292 3125; x_wconf 87' lang='lat' dir='ltr'>(ed.</span> <span class='ocrx_word' id='word_1_168' title='bbox 315 3041 497 3126; x_wconf 85' lang='lat' dir='ltr'>Dindorf.):</span> <span class='ocrx_word' id='word_1_169' title='bbox 526 3043 618 3107; x_wconf 81' lang='grc' dir='ltr'>ἃδεῑ</span> <span class='ocrx_word' id='word_1_170' title='bbox 639 3042 798 3119; x_wconf 82' lang='grc' dir='ltr'>γενὲεθοι,</span> <span class='ocrx_word' id='word_1_171' title='bbox 828 3033 924 3107; x_wconf 88' lang='grc' dir='ltr'>τούτο</span> <span class='ocrx_word' id='word_1_172' title='bbox 948 3043 998 3108; x_wconf 81' lang='grc' dir='ltr'>καὶ</span> <span class='ocrx_word' id='word_1_173' title='bbox 1020 3045 1194 3121; x_wconf 79' lang='grc' dir='ltr'>γενήεεται.</span> <span class='ocrx_word' id='word_1_174' title='bbox 1238 3042 1289 3106; x_wconf 89' lang='lat' dir='ltr'>Id-</span> 
     </span>
    </p>

    <p class='ocr_par' dir='ltr' id='par_1_13' title="bbox 11 3149 1290 3235">
     <span class='ocr_line' id='line_1_24' title="bbox 11 3149 1290 3235; baseline 0 -19"><span class='ocrx_word' id='word_1_175' title='bbox 11 3211 12 3230; x_wconf 72' lang='grc'>,</span> <span class='ocrx_word' id='word_1_176' title='bbox 144 3153 228 3216; x_wconf 88' lang='lat' dir='ltr'>circo</span> <span class='ocrx_word' id='word_1_177' title='bbox 250 3151 452 3216; x_wconf 84' lang='lat' dir='ltr'>Metrodorus</span> <span class='ocrx_word' id='word_1_178' title='bbox 480 3151 656 3234; x_wconf 84' lang='lat' dir='ltr'>sapientem</span> <span class='ocrx_word' id='word_1_179' title='bbox 684 3153 785 3235; x_wconf 89' lang='lat' dir='ltr'>negat</span> <span class='ocrx_word' id='word_1_180' title='bbox 811 3149 844 3212; x_wconf 93' lang='lat' dir='ltr'>id</span> <span class='ocrx_word' id='word_1_181' title='bbox 872 3151 1081 3235; x_wconf 84' lang='lat' dir='ltr'>contendere,</span> <span class='ocrx_word' id='word_1_182' title='bbox 1109 3155 1146 3217; x_wconf 93' lang='lat' dir='ltr'>ut</span> <span class='ocrx_word' id='word_1_183' title='bbox 1173 3175 1211 3216; x_wconf 88' lang='lat' dir='ltr'>ex</span> <span class='ocrx_word' id='word_1_184' title='bbox 1234 3174 1290 3217; x_wconf 89' lang='lat' dir='ltr'>sua</span> 
     </span>
    </p>

    <p class='ocr_par' dir='ltr' id='par_1_14' title="bbox 142 3261 1289 3345">
     <span class='ocr_line' id='line_1_25' title="bbox 142 3261 1289 3345; baseline 0.003 -21"><span class='ocrx_word' id='word_1_185' title='bbox 142 3261 224 3325; x_wconf 90' lang='lat' dir='ltr'>fiant</span> <span class='ocrx_word' id='word_1_186' title='bbox 245 3262 426 3345; x_wconf 86' lang='lat' dir='ltr'>voluntate,</span> <span class='ocrx_word' id='word_1_187' title='bbox 455 3283 535 3344; x_wconf 90' lang='lat' dir='ltr'>quae</span> <span class='ocrx_word' id='word_1_188' title='bbox 557 3283 595 3326; x_wconf 88' lang='lat' dir='ltr'>ex</span> <span class='ocrx_word' id='word_1_189' title='bbox 616 3263 731 3325; x_wconf 88' lang='lat' dir='ltr'>natura</span> <span class='ocrx_word' id='word_1_190' title='bbox 752 3281 857 3324; x_wconf 91' lang='lat' dir='ltr'>rerum</span> <span class='ocrx_word' id='word_1_191' title='bbox 880 3261 974 3324; x_wconf 92' lang='lat' dir='ltr'>modo</span> <span class='ocrx_word' id='word_1_192' title='bbox 997 3261 1147 3345; x_wconf 89' lang='lat' dir='ltr'>quopiam</span> <span class='ocrx_word' id='word_1_193' title='bbox 1175 3283 1233 3344; x_wconf 90' lang='lat' dir='ltr'>per</span> <span class='ocrx_word' id='word_1_194' title='bbox 1256 3285 1289 3327; x_wconf 93' lang='lat' dir='ltr'>se</span> 
     </span>
    </p>

    <p class='ocr_par' dir='ltr' id='par_1_15' title="bbox 11 3369 1289 3460">
     <span class='ocr_line' id='line_1_26' title="bbox 11 3369 1289 3460; baseline -0.001 -25"><span class='ocrx_word' id='word_1_195' title='bbox 11 3376 12 3460; x_wconf 79' lang='grc'>)</span> <span class='ocrx_word' id='word_1_196' title='bbox 143 3372 222 3435; x_wconf 90' lang='lat' dir='ltr'>fiant</span> <span class='ocrx_word' id='word_1_197' title='bbox 228 3421 238 3455; x_wconf 87' lang='lat'><em>,</em></span> <span class='ocrx_word' id='word_1_198' title='bbox 266 3394 370 3456; x_wconf 91' lang='lat' dir='ltr'>neque</span> <span class='ocrx_word' id='word_1_199' title='bbox 393 3371 485 3435; x_wconf 85' lang='lat' dir='ltr'>aliter</span> <span class='ocrx_word' id='word_1_200' title='bbox 505 3370 575 3435; x_wconf 89' lang='lat' dir='ltr'>fieri</span> <span class='ocrx_word' id='word_1_201' title='bbox 597 3373 730 3455; x_wconf 80' lang='lat' dir='ltr'>queant3</span> <span class='ocrx_word' id='word_1_202' title='bbox 760 3369 858 3434; x_wconf 91' lang='lat' dir='ltr'>immo</span> <span class='ocrx_word' id='word_1_203' title='bbox 881 3369 978 3434; x_wconf 88' lang='lat' dir='ltr'>illum</span> <span class='ocrx_word' id='word_1_204' title='bbox 994 3371 1089 3436; x_wconf 90' lang='lat' dir='ltr'>docet</span> <span class='ocrx_word' id='word_1_205' title='bbox 1109 3392 1235 3454; x_wconf 87' lang='lat' dir='ltr'>semper</span> <span class='ocrx_word' id='word_1_206' title='bbox 1256 3372 1289 3434; x_wconf 91' lang='lat' dir='ltr'>id</span> 
     </span>
    </p>

    <p class='ocr_par' dir='ltr' id='par_1_16' title="bbox 11 3463 1290 3567">
     <span class='ocr_line' id='line_1_27' title="bbox 144 3480 1290 3567; baseline -0.002 -21.312"><span class='ocrx_word' id='word_1_207' title='bbox 144 3487 287 3547; x_wconf 85' lang='lat' dir='ltr'>acturum</span> <span class='ocrx_word' id='word_1_208' title='bbox 294 3486 362 3565; x_wconf 83' lang='lat' dir='ltr'>,ut</span> <span class='ocrx_word' id='word_1_209' title='bbox 383 3502 590 3567; x_wconf 90' lang='lat' dir='ltr'>quaecunque</span> <span class='ocrx_word' id='word_1_210' title='bbox 612 3484 756 3564; x_wconf 88' lang='lat' dir='ltr'>tempora</span> <span class='ocrx_word' id='word_1_211' title='bbox 778 3480 928 3562; x_wconf 86' lang='lat' dir='ltr'>afferant,</span> <span class='ocrx_word' id='word_1_212' title='bbox 952 3502 1024 3544; x_wconf 89' lang='lat' dir='ltr'>cum</span> <span class='ocrx_word' id='word_1_213' title='bbox 1045 3481 1085 3545; x_wconf 91' lang='lat' dir='ltr'>iis</span> <span class='ocrx_word' id='word_1_214' title='bbox 1109 3482 1290 3546; x_wconf 89' lang='lat' dir='ltr'>consentiat</span> 
     </span>
    </p>

    <p class='ocr_par' dir='ltr' id='par_1_17' title="bbox 11 3590 1289 3680">
     <span class='ocr_line' id='line_1_28' title="bbox 11 3590 1289 3680; baseline -0.002 -24"><span class='ocrx_word' id='word_1_215' title='bbox 11 3643 12 3680; x_wconf 54' lang='lat'><em>3</em></span> <span class='ocrx_word' id='word_1_216' title='bbox 143 3593 307 3675; x_wconf 88' lang='lat' dir='ltr'>voluntas,</span> <span class='ocrx_word' id='word_1_217' title='bbox 335 3615 377 3657; x_wconf 92' lang='lat' dir='ltr'>ne</span> <span class='ocrx_word' id='word_1_218' title='bbox 399 3613 456 3677; x_wconf 92' lang='lat' dir='ltr'>spe</span> <span class='ocrx_word' id='word_1_219' title='bbox 477 3614 562 3656; x_wconf 89' lang='lat' dir='ltr'>vana</span> <span class='ocrx_word' id='word_1_220' title='bbox 583 3590 773 3674; x_wconf 78' lang='lat' dir='ltr'>decipiatur3</span> <span class='ocrx_word' id='word_1_221' title='bbox 802 3612 852 3654; x_wconf 90' lang='lat' dir='ltr'>res</span> <span class='ocrx_word' id='word_1_222' title='bbox 875 3591 961 3654; x_wconf 88' lang='lat' dir='ltr'>enirn</span> <span class='ocrx_word' id='word_1_223' title='bbox 988 3611 1026 3654; x_wconf 89' lang='lat' dir='ltr'>ex</span> <span class='ocrx_word' id='word_1_224' title='bbox 1048 3593 1157 3654; x_wconf 88' lang='lat' dir='ltr'>nostra</span> <span class='ocrx_word' id='word_1_225' title='bbox 1178 3590 1289 3654; x_wconf 87' lang='lat' dir='ltr'>volun·</span> 
     </span>
    </p>

    <p class='ocr_par' dir='ltr' id='par_1_18' title="bbox 11 3685 1289 3786">
     <span class='ocr_line' id='line_1_29' title="bbox 143 3699 1289 3786; baseline -0.003 -20.413"><span class='ocrx_word' id='word_1_226' title='bbox 143 3703 208 3778; x_wconf 86' lang='lat' dir='ltr'>tate</span> <span class='ocrx_word' id='word_1_227' title='bbox 240 3724 307 3766; x_wconf 93' lang='lat' dir='ltr'>non</span> <span class='ocrx_word' id='word_1_228' title='bbox 335 3702 510 3786; x_wconf 86' lang='lat' dir='ltr'>pendentes</span> <span class='ocrx_word' id='word_1_229' title='bbox 538 3700 712 3766; x_wconf 86' lang='lat' dir='ltr'>secundum</span> <span class='ocrx_word' id='word_1_230' title='bbox 745 3700 832 3764; x_wconf 83' lang='lat' dir='ltr'>illam</span> <span class='ocrx_word' id='word_1_231' title='bbox 860 3721 927 3763; x_wconf 91' lang='lat' dir='ltr'>non</span> <span class='ocrx_word' id='word_1_232' title='bbox 953 3699 1077 3763; x_wconf 75' lang='lat' dir='ltr'>fumas</span> <span class='ocrx_word' id='word_1_233' title='bbox 1106 3720 1189 3782; x_wconf 85' lang='lat' dir='ltr'>esse,</span> <span class='ocrx_word' id='word_1_234' title='bbox 1225 3700 1289 3762; x_wconf 88' lang='lat' dir='ltr'>nisi</span> 
     </span>
    </p>

    <p class='ocr_par' dir='ltr' id='par_1_19' title="bbox 11 3791 1287 3897">
     <span class='ocr_line' id='line_1_30' title="bbox 145 3806 1287 3897; baseline -0.003 -21.42"><span class='ocrx_word' id='word_1_235' title='bbox 145 3813 228 3876; x_wconf 87' lang='lat' dir='ltr'>forte</span> <span class='ocrx_word' id='word_1_236' title='bbox 254 3813 385 3877; x_wconf 87' lang='lat' dir='ltr'>fortuna</span> <span class='ocrx_word' id='word_1_237' title='bbox 412 3812 493 3897; x_wconf 82' lang='grc' dir='ltr'>(τὴν</span> <span class='ocrx_word' id='word_1_238' title='bbox 516 3815 552 3877; x_wconf 82' lang='grc' dir='ltr'>δὲ</span> <span class='ocrx_word' id='word_1_239' title='bbox 573 3812 673 3892; x_wconf 87' lang='grc' dir='ltr'>τύχην</span> <span class='ocrx_word' id='word_1_240' title='bbox 696 3811 833 3877; x_wconf 83' lang='grc' dir='ltr'>ἄετατον</span> <span class='ocrx_word' id='word_1_241' title='bbox 855 3810 937 3894; x_wconf 83' lang='grc' dir='ltr'>ὁρᾷν</span> <span class='ocrx_word' id='word_1_242' title='bbox 958 3807 1087 3893; x_wconf 83' lang='lat' dir='ltr'>Epicur.</span> <span class='ocrx_word' id='word_1_243' title='bbox 1117 3830 1167 3892; x_wconf 88' lang='lat' dir='ltr'>ap.</span> <span class='ocrx_word' id='word_1_244' title='bbox 1190 3806 1287 3892; x_wconf 87' lang='lat' dir='ltr'>Diog.</span> 
     </span>
    </p>

    <p class='ocr_par' dir='ltr' id='par_1_20' title="bbox 11 3919 1287 4008">
     <span class='ocr_line' id='line_1_31' title="bbox 11 3919 1287 4008; baseline -0.003 -22"><span class='ocrx_word' id='word_1_245' title='bbox 11 3969 12 3996; x_wconf 51' lang='lat'>2</span> <span class='ocrx_word' id='word_1_246' title='bbox 144 3921 244 3986; x_wconf 88' lang='lat' dir='ltr'>Laert.</span> <span class='ocrx_word' id='word_1_247' title='bbox 268 3922 288 3986; x_wconf 92' lang='lat' dir='ltr'>l.</span> <span class='ocrx_word' id='word_1_248' title='bbox 312 3924 371 4008; x_wconf 81' lang='lat' dir='ltr'>a),</span> <span class='ocrx_word' id='word_1_249' title='bbox 396 3944 435 3987; x_wconf 87' lang='lat' dir='ltr'>ex</span> <span class='ocrx_word' id='word_1_250' title='bbox 456 3923 547 3986; x_wconf 90' lang='lat' dir='ltr'>vanis</span> <span class='ocrx_word' id='word_1_251' title='bbox 569 3943 644 3985; x_wconf 89' lang='lat' dir='ltr'>vero</span> <span class='ocrx_word' id='word_1_252' title='bbox 666 3921 807 3984; x_wconf 88' lang='lat' dir='ltr'>incertae</span> <span class='ocrx_word' id='word_1_253' title='bbox 829 3921 976 3985; x_wconf 87' lang='lat' dir='ltr'>fortunae</span> <span class='ocrx_word' id='word_1_254' title='bbox 998 3919 1287 4002; x_wconf 86' lang='lat' dir='ltr'>exspectationibus</span> 
     </span>
    </p>

    <p class='ocr_par' dir='ltr' id='par_1_21' title="bbox 144 4027 1287 4117">
     <span class='ocr_line' id='line_1_32' title="bbox 144 4027 1287 4117; baseline -0.004 -21"><span class='ocrx_word' id='word_1_255' title='bbox 144 4033 240 4096; x_wconf 88' lang='lat' dir='ltr'>animi</span> <span class='ocrx_word' id='word_1_256' title='bbox 267 4032 522 4116; x_wconf 86' lang='lat' dir='ltr'>perturbationes</span> <span class='ocrx_word' id='word_1_257' title='bbox 551 4031 644 4117; x_wconf 85' lang='lat' dir='ltr'>gigni</span> <span class='ocrx_word' id='word_1_258' title='bbox 666 4029 803 4114; x_wconf 87' lang='lat' dir='ltr'>sapienti</span> <span class='ocrx_word' id='word_1_259' title='bbox 831 4051 926 4114; x_wconf 89' lang='lat' dir='ltr'>quam</span> <span class='ocrx_word' id='word_1_260' title='bbox 948 4029 1090 4092; x_wconf 85' lang='lat' dir='ltr'>maxime</span> <span class='ocrx_word' id='word_1_261' title='bbox 1112 4027 1287 4092; x_wconf 86' lang='lat' dir='ltr'>evitandas.</span> 
     </span>
    </p>

    <p class='ocr_par' dir='ltr' id='par_1_22' title="bbox 11 4135 1288 4228">
     <span class='ocr_line' id='line_1_33' title="bbox 11 4135 1288 4228; baseline -0.001 -22"><span class='ocrx_word' id='word_1_262' title='bbox 11 4155 12 4180; x_wconf 75' lang='lat'>³</span> <span class='ocrx_word' id='word_1_263' title='bbox 145 4135 342 4228; x_wconf 79' lang='lat' dir='ltr'>Quapropter</span> <span class='ocrx_word' id='word_1_264' title='bbox 370 4142 525 4226; x_wconf 86' lang='lat' dir='ltr'>magister</span> <span class='ocrx_word' id='word_1_265' title='bbox 551 4141 712 4226; x_wconf 86' lang='lat' dir='ltr'>sapientes</span> <span class='ocrx_word' id='word_1_266' title='bbox 741 4140 787 4203; x_wconf 86' lang='lat' dir='ltr'>ait</span> <span class='ocrx_word' id='word_1_267' title='bbox 816 4141 964 4222; x_wconf 74' lang='lat' dir='ltr'>audeone</span> <span class='ocrx_word' id='word_1_268' title='bbox 994 4141 1077 4220; x_wconf 79' lang='lat' dir='ltr'>apte</span> <span class='ocrx_word' id='word_1_269' title='bbox 1104 4141 1162 4218; x_wconf 84' lang='grc' dir='ltr'>τὴν</span> <span class='ocrx_word' id='word_1_270' title='bbox 1176 4139 1288 4218; x_wconf 85' lang='grc' dir='ltr'>,τύχην</span> 
     </span>
    </p>

    <p class='ocr_par' dir='ltr' id='par_1_23' title="bbox 11 4241 1289 4337">
     <span class='ocr_line' id='line_1_34' title="bbox 11 4241 1289 4337; baseline -0.004 -20"><span class='ocrx_word' id='word_1_271' title='bbox 11 4241 12 4246; x_wconf 29' lang='lat'>¹</span> <span class='ocrx_word' id='word_1_272' title='bbox 147 4253 255 4336; x_wconf 83' lang='lat' dir='ltr'>(Diog.</span> <span class='ocrx_word' id='word_1_273' title='bbox 272 4251 311 4336; x_wconf 85' lang='lat' dir='ltr'>X,</span> <span class='ocrx_word' id='word_1_274' title='bbox 330 4253 403 4334; x_wconf 86' lang='grc'>131)</span> <span class='ocrx_word' id='word_1_275' title='bbox 427 4259 465 4337; x_wconf 87' lang='grc' dir='ltr'>τῇ</span> <span class='ocrx_word' id='word_1_276' title='bbox 482 4253 560 4337; x_wconf 91' lang='grc' dir='ltr'>τύχῃ</span> <span class='ocrx_word' id='word_1_277' title='bbox 577 4251 791 4319; x_wconf 81' lang='grc' dir='ltr'>ἀντιτάξεεθαι</span> <span class='ocrx_word' id='word_1_278' title='bbox 815 4249 904 4336; x_wconf 89' lang='lat' dir='ltr'>(ibid.</span> <span class='ocrx_word' id='word_1_279' title='bbox 923 4250 1012 4332; x_wconf 91' lang='grc'>120),</span> <span class='ocrx_word' id='word_1_280' title='bbox 1036 4253 1180 4330; x_wconf 85' lang='grc' dir='ltr'>κρεῖττον</span> <span class='ocrx_word' id='word_1_281' title='bbox 1203 4249 1289 4312; x_wconf 92' lang='lat' dir='ltr'>enim</span> 
     </span>
    </p>

    <p class='ocr_par' dir='ltr' id='par_1_24' title="bbox 11 4358 1287 4446">
     <span class='ocr_line' id='line_1_35' title="bbox 11 4358 1287 4446; baseline -0.006 -16"><span class='ocrx_word' id='word_1_282' title='bbox 11 4367 12 4380; x_wconf 52' lang='lat'><em>*</em></span> <span class='ocrx_word' id='word_1_283' title='bbox 146 4364 225 4430; x_wconf 83' lang='grc' dir='ltr'>εἶναι</span> <span class='ocrx_word' id='word_1_284' title='bbox 254 4363 446 4440; x_wconf 82' lang='grc' dir='ltr'>εὐλογὶετωε</span> <span class='ocrx_word' id='word_1_285' title='bbox 474 4363 620 4446; x_wconf 87' lang='grc' dir='ltr'>ἀτυχεῖν,</span> <span class='ocrx_word' id='word_1_286' title='bbox 655 4363 674 4442; x_wconf 77' lang='grc' dir='ltr'>ἢ</span> <span class='ocrx_word' id='word_1_287' title='bbox 703 4361 878 4439; x_wconf 81' lang='grc' dir='ltr'>ἀλογίετωε</span> <span class='ocrx_word' id='word_1_288' title='bbox 906 4363 1052 4442; x_wconf 87' lang='grc' dir='ltr'>εὐτυχεῖν</span> <span class='ocrx_word' id='word_1_289' title='bbox 1082 4358 1171 4442; x_wconf 90' lang='lat' dir='ltr'>(ibid.</span> <span class='ocrx_word' id='word_1_290' title='bbox 1203 4359 1287 4444; x_wconf 83' lang='lat'>135).</span> 
     </span>
    </p>
   </div>
   <div class='ocr_carea' id='block_1_6' title="bbox 0 0 1542 4914">
    <p class='ocr_par' dir='ltr' id='par_1_25' title="bbox 0 0 1542 4914">
     <span class='ocr_line' id='line_1_36' title="bbox 0 0 1542 4914; baseline 0 0"><span class='ocrx_word' id='word_1_291' title='bbox 0 0 1542 4914; x_wconf 95' lang='lat' dir='ltr'> </span> 
     </span>
    </p>
   </div>
  </div>
 </body>
</html>
