3066 4914
601 335 790 398 ..5-

106 501 241 582 tarunt,
265 499 396 583 agitata.
427 499 540 584 Neque
555 499 666 585 hodie,
689 505 726 566 ut
740 503 880 588 videtur,
903 507 937 570 in
960 515 1058 574 unum
1074 513 1269 578 conveniunt

108 609 261 672 omnium
284 615 322 672 de
344 609 401 673 illa
415 631 449 674 re
472 610 659 695 opiniones,
683 635 757 678 nam
780 616 923 680 nondum
944 617 1074 703 desunt,
1098 622 1152 706 qni
1173 623 1268 688 mira·

108 718 174 783 bili
196 721 367 784 teneantur
389 720 588 786 confusione.
619 721 787 798 Quaeritur
809 725 932 791 scilicet
954 728 993 792 de
1015 729 1190 806 Metrodori
1212 755 1266 818 pa-

108 829 192 912 tria,
217 831 324 894 utrum
346 831 444 895 fuerit
465 830 716 917 Lampsacenus,
739 856 781 899 an
803 835 1019 904 Atheniensis.

200 993 294 1070 Quod
322 992 350 1056 si
378 991 448 1076 quis
478 992 651 1077 dijudicare
680 995 773 1079 velit,
807 995 911 1062 facere
939 1021 1007 1063 non
1033 1003 1155 1086 potest,
1189 1003 1266 1088 quin

109 1103 211 1170 hosce
233 1107 298 1169 tres
320 1103 471 1169 adhibeat
492 1107 634 1169 veterum
657 1105 848 1189 scriptorum
870 1108 972 1174 locos:

269 1267 302 1352 1)
325 1265 422 1350 Diog.
438 1265 542 1331 Laert.
559 1266 598 1350 X,
613 1268 655 1331 22
678 1269 850 1333 secundum
873 1269 1042 1337 lectionem
1065 1273 1243 1358 vulgatam:

200 1379 353 1458 Μαθητὰς
386 1381 421 1443 δὲ
454 1379 525 1458 ἔςχε
558 1380 703 1445 πολλοὺς
725 1382 798 1464 μὲν,
833 1382 959 1462 ςφόδρα
990 1385 1026 1448 δὲ
1059 1384 1265 1466 ἐλλογίμους·

114 1489 338 1569 Μητρόδωρον
355 1490 524 1568 Ἀθηναῖον
545 1490 594 1553 καὶ
609 1490 807 1570 Τιμοκράτην
823 1493 874 1556 καὶ
889 1492 1013 1573 (άνδην
1028 1495 1263 1576 Λαμψακηνόν·
1356 1505 1357 1508 ’

112 1601 150 1665 ὃς
174 1599 238 1681 ἀφ’
260 1597 300 1664 οὗ
323 1600 381 1666 τὸν
404 1599 507 1678 ἄνδρα
529 1599 632 1682 ἔγνω,
656 1599 715 1665 οὐκ
738 1599 856 1681 άπὲςτη
878 1601 934 1667 ἀπ’
956 1602 1061 1670 αὐτοῦ’
1078 1610 1142 1671 κτλ.

257 1738 300 1829 ’2)
324 1742 472 1806 Strabon.
496 1763 606 1828 geogr.
630 1742 689 1827 lII,
711 1743 775 1808 589
797 1742 845 1809 ed.
868 1744 1028 1813 Kromen:

197 1855 232 1920 ἐκ
253 1854 431 1936 Λαμψάκου
459 1856 495 1919 δὲ
512 1854 628 1934 Χάρων
651 1853 669 1919 ὁ
692 1856 895 1946 ςυγγραφςὺτ
916 1859 967 1922 καὶ
987 1857 1190 1939 Ἀδείμαντος
1212 1865 1263 1928 καὶ

109 1967 312 2046 Ἀναξιμένης
334 1966 353 2029 ὁ
377 1965 483 2045 ῥήτωρ
498 1966 550 2030 καὶ
566 1965 785 2045 Μητρόδωρος
808 1965 827 2031 ὁ
849 1973 907 2032 τοῦ
923 1967 1111 2048 Ἐπικούρου
1134 1971 1261 2052 ἑταῖρος

109 2078 163 2142 καὶ
185 2075 283 2142 αὐτὸς
306 2077 340 2142 δ’
361 2076 547 2155 Ἐπίκουρος
568 2075 692 2154 τρόπον
715 2075 787 2141 τινὰ
809 2075 1027 2158 Λαμψακηνὸς
1050 2081 1169 2160 ὑπῆρξε
1192 2086 1258 2148 δια-

107 2187 226 2266 τρίψας
249 2187 284 2253 ἐν
305 2186 469 2269 Λαμψάκῳ
492 2189 556 2251 κτλ.

112 2377 116 2381 -
205 2398 210 2401 ,
263 2329 296 2416 3)
321 2328 385 2395 Cic.
409 2327 550 2393 Tuscull.
573 2327 686 2412 Dispp.
709 2328 750 2412 V,
772 2329 824 2413 37,
850 2329 924 2394 109:

196 2440 341 2505 Socrates
364 2439 506 2524 quidem,
530 2461 602 2503 cum
616 2441 800 2523 rogaretur,
824 2439 960 2524 cujatem
981 2463 1014 2505 se
1037 2463 1106 2507 essa
1129 2443 1259 2529 diceret,

108 2551 381 2636 „Mundanum“,
399 2551 512 2634 inquit.
557 2548 670 2614 Totius
694 2549 780 2614 enirn
801 2549 911 2614 mundi
935 2571 969 2615 se
991 2551 1129 2618 incolam
1157 2558 1190 2619 et
1217 2557 1259 2620 ci-

108 2684 180 2726 vem
208 2660 430 2725 arbitrabatur.
475 2660 558 2738 Quid
586 2659 622 2725 Τ.
651 2660 830 2726 Albucius?
847 2683 975 2726 nonne
1004 2663 1111 2728 animo
1135 2666 1258 2749 aequis-

109 2772 189 2836 simo
219 2771 356 2835 Athenis
384 2771 473 2835 exsul
501 2769 809 2854 philosophabatur?
839 2771 890 2835 cui
917 2774 1025 2837 tamen
1052 2774 1131 2839 illud
1154 2775 1259 2859 ipsum

107 2902 175 2947 non
203 2881 384 2965 accidisset,
413 2881 440 2944 si
468 2881 503 2944 in
529 2880 692 2972 republica
713 2881 879 2964 quiescens
901 2881 1034 2965 Epicuri
1055 2884 1181 2969 legibus
1202 2907 1258 2970 pa

107 2991 234 3057 ruisset.
279 2991 342 3067 Qui
364 2992 449 3056 enim
471 2989 609 3074 beatior,
638 2989 811 3076 Epicurus,
834 2991 919 3076 quod
940 2992 976 3056 in
996 2994 1100 3077 patria
1121 2995 1257 3081 vivebat,

109 3125 204 3187 quam
227 3102 311 3186 quod
332 3102 470 3166 Athenis
491 3099 713 3166 Metrodorus?
1145 3115 1147 3118 ’

192 3262 242 3328 De
271 3265 456 3348 quaestione
482 3263 647 3347 proposita
675 3263 852 3328 accuratius
875 3267 1003 3348 agatur,
1026 3266 1094 3349 jam
1122 3267 1163 3330 ob
1191 3269 1256 3351 pri-

108 3397 210 3458 mum,
240 3395 333 3457 quem
356 3373 463 3457 attuli,
493 3374 597 3438 locum
619 3393 749 3438 necesse
772 3375 835 3457 est,
866 3373 983 3458 quippo
1007 3397 1085 3459 quo,
1113 3376 1189 3442 licet
1206 3378 1257 3462 ju-

108 3485 191 3550 dicio
207 3484 274 3549 fere
289 3485 431 3550 omnium
445 3483 541 3549 modo
557 3483 707 3568 quopiam
723 3487 891 3567 corruptus
907 3484 963 3567 it,
986 3485 1149 3570 nonnulli,
1171 3485 1256 3570 iique

108 3595 239 3660 minime
253 3595 400 3660 homines
423 3593 564 3678 obscuri,
586 3593 795 3678 norma-falsa
816 3593 867 3658 nsi
882 3594 961 3678 sint,
984 3617 1046 3678 qua
1067 3596 1155 3660 locos
1171 3594 1256 3662 Stra·
1301 3651 1303 3656 .

108 3707 201 3770 bonis
230 3708 262 3770 et
285 3705 449 3771 Ciceronis
476 3705 679 3788 incorruptos
709 3703 920 3789 corrigerent,
949 3726 1059 3769 eorum
1083 3705 1255 3788 scriptores

108 3815 246 3881 absurda
277 3815 448 3899 protulisse
482 3814 719 3879 contendentes.
768 3813 930 3880 Nimirum
957 3815 1114 3901 Diogenis
1149 3816 1255 3901 verba,

108 3928 221 4012 quibus
237 3926 438 3992 Metrodorus
453 3924 578 3990 videtur
592 3924 800 3989 Atheniensis
821 3925 945 4009 vocari,
969 3947 1036 3991 non
1058 3926 1256 3992 emendanda

106 4039 168 4102 rati
203 4037 354 4103 adversus
387 4036 611 4100 auctoritatem
640 4033 809 4100 Strabonis
843 4038 875 4100 et
903 4035 1084 4120 Ciceronis,
1120 4047 1276 4121 quorum

107 4150 187 4213 alter
209 4147 300 4212 illum
315 4167 462 4231 expresse
484 4146 530 4210 ait
544 4146 583 4210 ab
597 4145 775 4229 Lampsaco
799 4145 982 4230 oriundum,
1005 4147 1085 4211 alter
1100 4167 1172 4211 eum
1187 4167 1255 4213 non

106 4259 206 4324 fnisse
224 4257 455 4323 Atheniensem
477 4256 611 4340 indicat,
635 4256 739 4320 solum
760 4255 909 4322 Jonsinm
932 4257 985 4343 (de
1008 4256 1153 4341 scriptor.
1177 4255 1252 4323 hist.

105 4369 222 4454 philos.
245 4367 276 4451 I,
298 4367 354 4451 20,
378 4368 416 4451 3)
445 4370 620 4450 sequuntur
641 4367 681 4431 de
704 4365 764 4432 hac
785 4388 820 4430 re
843 4367 1002 4450 copiosius
1030 4367 1251 4434 disserentem.
