3066 4914
563 376 772 439 -33-

73 545 501 612 Ε.ΟΦΡΑ(ΤΟΝΠ..ΤΟΥ
530 546 726 626 φιλοιοφίαν
761 545 902 611 ἀνθίνοιε
936 546 1150 625 κοιμήεαντοε
1180 547 1238 608 cet.

74 653 221 720 Scottus
236 655 432 720 restituenda.
446 655 586 719 restituit
608 656 869 722 ΘΕΟΦΡΑΕΤΟΝ
885 657 1058 722 ΠΟΗΤΟΥ
1076 656 1132 742 (-·-
1146 677 1238 735 ποιη-

74 767 177 850 τοῦ).
221 766 416 841 Quibuscum
439 766 584 830 conferas
606 764 702 850 Diog.
724 765 827 830 Laert.
850 765 913 848 IV,
941 765 1000 831 52:
1030 767 1082 832 διὰ
1111 768 1148 845 δὴ
1179 765 1239 831 οὖν

75 878 120 941 τὸ
146 868 247 942 παντί
268 876 345 942 εἴδει
368 877 469 953 λόγου
491 879 656 956 κεκρᾶεθαί
686 897 762 957 pou
784 878 889 955 λέγειν
913 877 963 941 ἐπ’
992 875 1091 942 αὐτοῦ
1116 875 1239 960 (Bion.)

76 989 160 1052 τὸν.
184 988 417 1066 Ἐρατοεθένην
450 987 495 1050 uc
527 991 658 1067 πρῶτοι
692 987 776 1052 Βίων
809 987 868 1065 τὴν
898 987 1094 1068 φιλοεοφίαν
1128 986 1242 1051 ἀνθινὰ

8 1123 9 1128 ’
79 1097 239 1162 ἐνέδυεεν
268 1099 300 1160 et
322 1095 469 1161 Strabon.
492 1117 603 1182 geogr.
627 1095 657 1179 I,
682 1098 737 1161 15:
765 1097 920 1174 Ἀπελλῆς
941 1085 975 1162 πε
1003 1097 1090 1182 αὐτῷ
1115 1096 1240 1181 (Erato-

81 1206 214 1292 stheni)
239 1208 342 1274 πολύ(
358 1208 421 1272 ἐετι
442 1208 493 1270 καί
508 1209 608 1285 Βίων,
632 1207 672 1275 ὅν
687 1228 763 1289 φηει
777 1213 910 1297 πρῶτον
926 1207 1041 1274 ἀνθινὰ
1056 1210 1241 1287 περιβαλεῖν
1300 1203 1305 1211 ’

81 1317 299 1399 φιλοεοφίαν.
331 1315 480 1382 Ceterum
502 1317 642 1381 dictione
665 1317 810 1404 ᾀνθινοῐε
824 1305 1091 1400 rotpetvmeltus,
1115 1317 1241 1401 opinor,

83 1427 280 1510 exprimitur
301 1425 381 1490 illud
402 1425 558 1511 Diogenis
578 1429 675 1492 παντὶ
697 1427 774 1494 εἴδει
795 1431 974 1508 κεκρᾶεθω,
998 1449 1092 1512 quam
1106 1427 1240 1492 vocabu-

83 1537 129 1600 lis
160 1537 379 1617 περιβάλλειν,
409 1537 545 1604 ἐνδύειν.
592 1535 768 1619 „Floribus
797 1537 921 1621 enim“,
950 1538 1057 1621 inquit
1083 1536 1241 1602 Bernhar-

85 1647 172 1730 dyus
195 1646 401 1711 Eratosthen.
424 1669 497 1732 pag.
512 1647 590 1728 189,
617 1647 709 1732 „jam
737 1647 856 1712 dudum
883 1648 975 1744 Plato
1004 1646 1242 1732 philosophiam

86 1760 303 1822 exornaverat
330 1757 427 1841 inque
449 1758 706 1822 amoenissimam
728 1759 895 1844 redegerat
916 1759 1068 1840 sormam3
1095 1779 1162 1822 non
1183 1757 1241 1843 igi-

86 1870 145 1931 tur
175 1868 297 1952 primus
325 1867 554 1952 Borysthenita
585 1867 731 1952 floribus,
767 1868 822 1932 sed
849 1868 990 1934 flosculis
1026 1867 1242 1951 orationisque

88 1978 258 2062 ampullis,
294 1978 402 2062 quales
436 1977 567 2042 dicteria
595 1978 678 2064 apud
705 1977 886 2063 Diogenem
920 1983 1102 2062 servarunt,
1139 2000 1241 2064 genus

89 2088 171 2152 illud
199 2089 377 2152 litterarum
404 2088 569 2153 decorasse
604 2088 706 2153 dictus
734 2089 775 2152 ab
802 2087 923 2156 Nostro
954 2092 1003 2154 est
1031 2088 1249 2154 censendus“·

91 2197 328 2264 ufcwelcker.
355 2199 501 2284 prolegg.
530 2197 569 2261 ad
592 2197 736 2283 Theogn.
765 2221 838 2285 pag.
861 2198 945 2265 XCI.
998 2202 1127 2279 Κοεμεῑν
1156 2198 1268 2263 λίθω·
1354 2274 1358 2281 .

90 2331 129 2374 ac
159 2331 306 2374 sermone
333 2310 515 2394 germanico
542 2309 823 2392 „ausstaffieren“.
872 2308 922 2373 De
944 2309 1045 2373 Bione
1073 2308 1138 2373 vid.
1161 2309 1242 2373 Mul-

91 2419 163 2485 lach
186 2420 335 2506 fragmm.
358 2409 424 2505 grr.
441 2419 573 2504 philoss.
596 2419 639 2502 H,
654 2419 798 2503 419·seq.
822 2421 1066 2503 Verumtamen,
1091 2420 1241 2503 quoniam

91 2533 191 2595 testes
221 2530 317 2594 modo
347 2529 437 2596 citati
463 2528 626 2614 Diogenes
655 2532 687 2593 et
715 2528 829 2594 Strabo
858 2528 944 2594 illius
972 2529 1050 2594 dicti
1079 2532 1241 2594 auctorem

93 2640 343 2708 Eratosthenem
369 2639 590 2726 geographum
611 2639 795 2724 perhibent,
824 2640 907 2704 idem
936 2640 1033 2704 etiam
1055 2640 1242 2724 scriptorem

95 2750 204 2836 hujus,
228 2751 267 2815 de
290 2772 352 2835 quo
369 2751 508 2835 agimus,
531 2751 753 2815 commentarii
764 2752 924 2834 spectasse
945 2750 1099 2834 illumque
1122 2750 1242 2834 eadem,

94 2865 187 2947 atque
216 2860 381 2945 Diogenes
410 2864 443 2925 et
470 2860 600 2943 Strabo,
629 2860 774 2924 laudasse
801 2861 926 2925 ratione
951 2859 1157 2924 manifestum
1184 2863 1242 2925 est.
1284 2947 1287 2954 y

94 2970 327 3038 Eratosthenes
349 2973 456 3035 autem
478 2972 544 3036 fere
566 2993 594 3034 a.
610 2971 673 3035 275
695 2974 788 3035 natus
811 2970 1029 3036 aMetrodoro
1050 2992 1117 3035 non
1137 2971 1244 3054 potuit

94 3081 230 3166 laudari,
255 3081 372 3165 quippe
395 3081 448 3163 qui
467 3082 534 3165 jam
557 3103 584 3144 a.
600 3081 662 3145 277
686 3080 771 3144 diem
795 3079 875 3145 obiit
897 3103 1088 3166 supremum.
1124 3079 1258 3175 Mirum·
1301 3143 1304 3150 .

96 3195 249 3275 quantum
272 3191 401 3257 Scottus
424 3213 442 3254 a
462 3212 539 3255 vero
562 3190 724 3273 discessit,
749 3190 833 3274 quod
855 3191 968 3256 lectori
989 3191 1243 3276 persequendum

94 3303 249 3387 relinquo.
279 3300 437 3384 Equidem
453 3300 716 3364 commentarium
737 3322 803 3364 non
824 3323 909 3386 nego
932 3302 972 3365 ab
986 3300 1144 3386 Epicureo
1167 3322 1243 3385 quo-

96 3412 165 3476 dam
193 3412 349 3494 scriptum
377 3433 460 3494 esse,
497 3411 572 3495 quia
603 3410 637 3474 id
667 3414 856 3496 argumento
892 3411 969 3476 satis
1005 3411 1240 3495 comprobatur.

97 3523 156 3588 Sed
179 3523 218 3586 de
234 3523 302 3606 ejus
317 3521 447 3586 nominc
470 3521 662 3606 conjecturis
686 3520 840 3587 abstineo.
879 3520 949 3596 Quo
967 3521 1094 3605 quidem
1117 3521 1243 3586 eviden-

95 3633 155 3698 tior
181 3633 240 3696 fiat
268 3653 442 3696 consensus
471 3633 613 3696 locorum
641 3632 724 3696 inter
747 3653 781 3696 se
804 3635 1075 3715 comparatorum,
1104 3631 1242 3696 Pseudo-

96 3741 314 3808 Metrodcrum
329 3742 376 3807 sic
393 3741 519 3826 expleo:
536 3743 659 3808 Βίωνοε
672 3746 731 3808 τοῦ
744 3742 823 3808 κατὰ
835 3742 1046 3823 Θεόφραετον
1057 3740 1243 3808 ΠΡωΤΟΥ

96 3853 292 3935 φιλοεοφίᾱν
315 3855 460 3920 ἀνθινοῑε
484 3855 700 3933 κοεμήεαντοε
729 3850 785 3936 (cf.
808 3849 904 3936 Diog.
929 3852 974 3916 ὼε
996 3855 1126 3930 πρῶτος
1149 3852 1242 3928 Βίων,

97 3963 197 4028 Strab.
222 3964 261 4029 ὅν
285 3985 360 4044 φηει
381 3964 537 4047 πρῶτον).
579 3960 696 4026 Verbis
719 3961 842 4026 scilicet
862 3963 941 4027 κατὰ
964 3962 1085 4043 Θεόφρ.
1109 3961 1244 4044 scriptor

96 4073 274 4159 significare
296 4073 411 4157 voluit,
440 4071 576 4136 Bionem
597 4069 819 4156 Theophrasto
846 4072 945 4136 fuisse
971 4071 1142 4154 aequalem.
1193 4069 1241 4135 Cf.
1377 4116 1378 4119 ι
1502 4069 1508 4078 ’

96 4181 270 4248 Bemhard.
293 4183 315 4247 1.
340 4204 365 4247 o.
389 4205 464 4268 pag.
490 4182 549 4247 187
573 4203 638 4264 seq.
676 4179 824 4246 Ceterum
847 4180 886 4247 de
907 4181 1085 4246 Metrodori
1106 4181 1189 4244 libro
1212 4204 1243 4246 π.

97 4295 172 4360 αἰεθ.
194 4293 242 4357 nil
265 4294 400 4357 constat.
445 4291 495 4356 De
517 4295 707 4377 argumento
728 4291 767 4356 cf.
784 4288 880 4376 Diog.
897 4292 1001 4356 Laert.
1017 4289 1065 4374 X,
1088 4291 1128 4355 31
1146 4311 1243 4374 seqq,

98 4403 179 4468 Sext.
204 4403 325 4487 Empir.
350 4402 419 4466 adv.
443 4425 495 4466 ma
509 4401 540 4465 h.
564 4402 644 4486 VII,
667 4402 731 4465 210
753 4421 829 4482 seq,
855 4401 895 4466 al.

146 4516 237 4555 Durum
336 4543 338 4552 .
1027 4529 1041 4574 3
