3066 4914
564 334 607 345 -
649 298 689 362 37
715 289 775 343 ’-

22 411 24 560 1
86 470 127 533 31
149 469 264 554 seqq-t
309 467 358 534 Of.
382 466 544 552 opinionis
559 465 797 549 Democriteae,
822 452 966 551 singulas
989 466 1114 530 animae
1135 470 1243 551 1³³⁴?sses

22 597 24 656 ἦ
89 578 232 664 singulis
247 578 390 662 corporis
402 576 549 660 'partibus
564 599 633 642 esse
648 578 852 662 conjunctas,
874 577 1101 642 refutationem
1116 575 1242 642 Lucret.

88 689 157 772 Ill,
182 690 241 753 371
260 711 347 774 seqq.
385 688 437 751 Ab
460 687 647 752 adversariis
670 687 709 752 de
731 686 787 751 illo
810 687 844 751 in
866 686 1008 771 physicis
1033 707 1105 750 cum
1126 685 1243 752 Demo-

89 799 171 863 crito
194 801 365 880 concentu,
388 801 426 862 ut
438 797 580 879 videtur,
605 797 747 881 asperius
763 795 930 881 appellati,
953 795 1104 880 Epicurei
1120 819 1243 862 summo

89 909 197 974 studio
221 908 467 993 discrepantias,
496 930 576 992 quas
597 908 637 971 iis
660 929 732 972 cum
753 904 944 990 philosopho
967 905 1124 970 Abderita
1145 907 1242 971 inter·

90 1018 262 1102 cedebant,
291 1020 513 1102 exposuerunt.
558 1019 665 1101 Atque
686 1018 755 1102 ipse
777 1017 931 1102 magister
952 1016 1102 1108 adversus
1125 1016 1242 1084 Demo·

90 1129 207 1192 critum
228 1129 327 1193 libros
351 1127 450 1192 edidit
457 1178 470 1214 χ
490 1129 518 1192 si
540 1127 668 1211 quidem
689 1127 787 1192 verba
808 1125 988 1191 Philodemi
1010 1130 1084 1209 περὶ
1105 1128 1240 1209 παῤῥης.

90 1238 124 1304 O.
149 1239 186 1302 P.
209 1237 284 1322 V,2
306 1239 420 1324 fragm.
436 1238 479 1302 20
500 1233 584 1302 reete
608 1237 653 1302 sic
675 1237 840 1322 legimtur:
864 1237 929 1322 ὼ(ς)
949 1238 985 1304 ἑν
1003 1284 1028 1302 ..
1044 1242 1113 1304 τοῖς
1128 1239 1241 1325 (πρ)ὀς

90 1349 328 1434 Δημόκρ(ι)τον
350 1347 503 1434 ἵςτα(τα)ι
524 1339 576 1415 eiu
597 1350 712 1415 τέλους
735 1350 965 1428 ὁἘπίκουρος.
997 1347 1044 1414 cf.
1066 1346 1239 1413 Metrodor-

90 1459 205 1544 fragm.
227 1481 314 1524 num.
331 1457 458 1522 XXXII
474 1460 507 1522 et
521 1461 631 1522 annot.

244 1603 298 1688 16)
323 1604 428 1682 Πρὸς
449 1604 709 1684 Τιμοκράτην.

176 1713 271 1778 Liber
292 1737 311 1777 a
325 1713 469 1798 Diogene
484 1712 611 1776 Laertio
627 1711 667 1796 X,
682 1713 726 1777 24
746 1715 1011 1794 commemoratus
1027 1713 1065 1778 de
1080 1734 1115 1778 re
1130 1713 1239 1778 eadem

94 1823 227 1907 scriptus
250 1827 319 1888 erat
341 1826 439 1907 atque,

243 1969 296 2054 17)
320 1968 592 2049 Τιμοκράτης·

173 2077 244 2143 Ηοο
273 2099 352 2162 opus
379 2076 488 2141 laudat
508 2076 670 2162 Diogenes
693 2075 737 2158 X,
763 2077 838 2160 136,
867 2076 956 2160 cujus
979 2076 1077 2140 verba
1105 2077 1237 2142 omnino
1284 2119 1293 2134 ι

94 2187 168 2252 haec
193 2190 282 2252 sunt:
311 2189 451 2269 Ὀμοίως
479 2191 515 2254 δὲ
542 2190 592 2254 καὶ
623 2187 740 2271 (paulo
769 2188 842 2252 ante
872 2187 1009 2271 scriptor
1030 2186 1129 2251 libros
1153 2209 1238 2252 eom·

95 2299 194 2382 plures
210 2288 335 2382 citauit,
358 2298 393 2362 in
415 2298 529 2382 quibus
544 2297 722 2382 Epicurum
745 2297 790 2361 ait
811 2297 1008 2381 voluptatem
1031 2300 1063 2361 st
1085 2298 1184 2362 animi
1206 2302 1253 2364 et

97 2409 230 2493 corporis
246 2408 408 2491 statuisse)
430 2411 592 2489 Διογένης
608 2409 642 2474 ἐν
658 2415 696 2492 τῇ
712 2398 960 2494 ἑπτακαιδεκάτῃ
976 2413 1041 2474 τῶν
1062 2409 1236 2476 ἐπιλέκτων
1286 2435 1289 2444 ⁴

97 2522 142 2584 καὶ
163 2521 382 2601 Μητρόδωρος
404 2520 440 2586 ἐν
463 2528 510 2603 τῷ
531 2517 718 2601 Τιμοκράτει
742 2520 888 2595 λέγουςιν
911 2519 1031 2584 οὕτως’
1055 2521 1237 2601 νοουμένης

98 2630 122 2692 λ’
141 2632 258 2710 ἡδονῆς
279 2634 335 2709 τῆς
357 2651 391 2695 τε
413 2632 493 2695 κατὰ
514 2631 633 2711 κίνηςιν
655 2632 707 2694 καὶ
728 2635 784 2708 τῆς
807 2633 1082 2709 καταςτηματικῆς.
1234 2702 1237 2708 ⁴

173 2740 244 2804 Etsi
267 2761 319 2824 ea,
342 2761 423 2823 quae
437 2739 490 2803 hic
512 2739 662 2825 legimus,
685 2739 796 2803 verba:
820 2742 1000 2820 νοουμένης
1026 2777 1062 2786 -
1086 2761 1234 2822 καταςτη-

100 2856 216 2931 ματικῆς
249 2849 370 2914 directa
402 2850 544 2914 oratione
572 2848 751 2934 Diogenem
783 2849 945 2914 induxisse
979 2848 1171 2915 Meibomius
1204 2855 1237 2915 et

100 2957 278 3025 Huebnerus
294 2962 380 3025 recte
395 2959 592 3036 existimant,
608 2959 686 3044 utri,
702 2981 834 3043 quaeso,
849 2958 1053 3024 tribuantur?
1077 2957 1126 3023 De
1140 2960 1234 3025 rebus

101 3067 298 3136 Timocrateis
321 3091 417 3154 supra
439 3069 582 3135 disserui.
631 3137 633 3140 ,
668 3075 675 3082 “

241 3223 294 3310 18)
316 3224 422 3303 Πρὸς
445 3224 654 3304 Τίμαρχον.

172 3333 243 3398 Huc
265 3335 391 3417 spectat
411 3332 600 3397 Plutarchus
623 3331 692 3396 adv,
716 3331 818 3398 Colot.
844 3332 924 3396 1117
940 3331 983 3396 B:
1007 3333 1077 3397 ἀλλ’
1102 3335 1190 3416 ὅμως
1213 3337 1231 3400 ὁ

101 3446 149 3523 μὲν
174 3444 393 3525 Μητρόδωρος
427 3446 485 3509 τὸν
514 3444 676 3524 Τίμαρχον
711 3446 908 3523 παρακαλῶν
943 3465 1019 3523 φηςι
1046 3446 1111 3509 κτλ.
1156 3444 1230 3509 Vid.

101 3552 219 3619 Metrod.
251 3554 366 3638 fragm.
395 3575 482 3617 num.
504 3551 592 3618 XIV.
642 3552 670 3617 Ε
699 3573 777 3617 voce
804 3555 999 3632 παρακαλῶν
1028 3573 1094 3616 non
1117 3553 1231 3638 minus,

102 3686 182 3746 quam
214 3685 231 3728 e
258 3664 399 3728 numeris
427 3669 651 3743 πληθυντικοῖς
681 3663 716 3727 in
749 3663 818 3746 ipso
846 3662 1028 3746 fragmento
1057 3664 1231 3747 usurpatis:

102 3776 288 3855 ποιήςωμεν,
311 3775 514 3859 καταδύντες,
537 3773 787 3857 ἀπαλλαγέντες,
809 3771 976 3857 perspicue
998 3773 1230 3857 cognoscimus,

103 3883 288 3950 Timarchum
312 3885 353 3948 ab
374 3884 506 3969 Epicuri
528 3882 638 3948 schola
658 3905 725 3948 non
747 3883 793 3947 ita
815 3883 956 3947 alienum
977 3881 1086 3947 fuisse.
1132 3882 1231 3959 Quasi

103 3995 177 4060 molli
203 3993 333 4060 brachio
362 3994 487 4059 videtur
514 3993 677 4079 objurgari
704 3996 741 4057 ut
768 3994 803 4072 in
829 3992 961 4057 nimiam
986 4014 1093 4057 rerum
1114 3993 1230 4076 Epicu-

103 4126 210 4170 reorum
236 4104 391 4169 incuriam
418 4104 575 4189 delapsus
631 4103 707 4170 Sine
735 4103 831 4168 dubio
859 4103 944 4168 idem
966 4101 1152 4166 Timarchus
1182 4106 1231 4167 cst

105 4218 181 4298 atque
207 4215 260 4280 ille
287 4217 451 4283 νεανίςκος
478 4216 638 4281 formosus
666 4217 699 4279 et
719 4213 851 4298 Epicuri
873 4212 1014 4278 aemulus
1039 4214 1228 4293 Κηφιςιᾶθεν

106 4324 250 4410 oriundus,
274 4347 368 4408 quem
390 4325 569 4409 Aloiphron
590 4325 633 4409 II,
655 4327 675 4391 2
697 4324 821 4389 inducit
841 4323 968 4388 Leontii
991 4326 1173 4386 amatorem.
