3066 4914
750 376 966 440 ·-36-

287 529 432 629 pertibu's
459 543 626 630 Epicureis
655 567 727 609 cum
755 545 907 628 sophistis
936 544 1169 613 controversias
1204 544 1442 627 intercessisse,

173 643 176 650 ¹
288 655 344 720 sed
373 660 505 722 cunctae
531 656 631 720 ferme
659 656 880 720 contentiones
911 677 949 718 ex
976 654 1032 718 illa
1059 656 1231 717 manarunt
1259 654 1443 718 disserendi

286 765 426 850 ratione,
455 790 516 851 qua
539 765 702 850 sophistae
724 766 811 829 etin
833 765 948 828 litteris
971 767 1003 828 ct
1024 765 1058 827 in
1079 766 1174 829 rebus
1196 764 1335 848 publicis
1358 765 1442 848 diju-

287 876 430 941 dicandis
463 877 644 941 utebantur.
700 875 749 941 Of.
781 874 873 939 Gros.
906 874 1005 959 praef.
1041 874 1081 938 ad
1109 872 1285 938 Philodem.
1315 874 1439 938 rhetor.

285 986 385 1051 Poris.
409 987 500 1052 1840.
551 986 693 1051 Tametsi
720 1007 796 1050 vero
824 985 862 1050 de
891 984 1179 1050 controversiarum
1206 984 1350 1048 materiis
1377 1006 1439 1048 nos

181 1151 185 1157 .
285 1096 409 1160 faciunt
436 1097 588 1162 certiores
619 1095 804 1162 creberrimi
825 1094 1006 1160 Philodemi
1032 1095 1068 1158 in
1090 1095 1249 1178 sophistas
1277 1095 1437 1176 incursus,

285 1209 394 1271 tamen
409 1228 483 1272 cave
499 1207 650 1292 opineris,
665 1205 893 1291 philosophum
906 1205 1126 1270 Gadarcnsem
1142 1204 1227 1268 idem
1242 1204 1382 1268 sensisse
1397 1204 1437 1267 de

285 1317 356 1399 ipsa
377 1316 539 1382 rhetorica
562 1317 814 1381 adversariorum
836 1320 930 1399 atque
946 1315 1073 1380 scholae
1087 1315 1249 1399 principes
1265 1314 1433 1398 Epicurus,

284 1424 503 1511 Metrodorus,
532 1426 756 1491 Hermarchus.
800 1421 1025 1491 Differentiam*
1052 1425 1201 1509 exprimit
1227 1408 1433 1489 Philodemus

286 1535 326 1638 in¹
345 1535 381 1600 Ο.
406 1537 444 1600 A.
466 1537 514 1602 IV
535 1559 608 1622 pag.
630 1537 671 1601 93
693 1569 735 1590 =
758 1537 816 1602 Ox.
840 1535 872 1600 ΙΙ
894 1559 968 1621 pag.
993 1536 1051 1600 101
1074 1535 1163 1600 hisce
1184 1534 1289 1598 verbis
1302 1538 1341 1617 ¹):
1373 1540 1432 1600 νῦν

148 1663 150 1667 ’
285 1645 337 1710 ἐπ’
358 1647 463 1713 ἐκεῖνο
486 1648 681 1732 βαδίζωμεν,
704 1647 753 1713 ὅτι
774 1649 890 1728 τέχνην
914 1649 975 1727 οὐχ
996 1648 1086 1726 ἡμεῖς
1100 1647 1236 1726 λέγομεν
1259 1647 1319 1723 τήν
1342 1665 1430 1735 copr-

284 1759 409 1840 ετικὴν,
438 1758 470 1823 οἱ
498 1761 534 1823 δὲ
562 1760 621 1838 τὴν
649 1753 767 1837 αῗρεειν
795 1760 956 1824 κτίεαντεε
982 1757 1073 1838 ἡμῶν
1101 1758 1339 1838 ἀντιφωνοῦειν

283 1888 363 1950 quae
378 1871 562 1950 sequuntur,
578 1867 640 1931 vid.
657 1868 691 1930 in
707 1870 831 1932 annott.
844 1867 884 1930 ad
894 1866 1066 1933 Metrodor.
1082 1866 1231 1952 fragmm.
1243 1863 1433 1956 numXVlI

285 1975 418 2041 —XXL
451 1956 576 2042 'Artem
598 1976 813 2062 sophistarum
834 1975 1028 2042 rhetoricam
1049 1977 1193 2062 quamvis
1216 1975 1301 2039 idem
1322 1978 1434 2039 narret

284 2085 505 2152 Metrodorum
527 2088 698 2172 ,,ἱκανώε“
726 2087 928 2171 inquisivisse
957 2089 991 2151 in
1013 2087 1117 2182 primo
1143 2089 1218 2167 περὶ
1244 2086 1432 2166 ποιημάτων
1528 2173 1529 2176 ¹

282 2196 364 2260 libro
395 2196 513 2282 (locum
542 2197 669 2281 quidem
698 2198 813 2262 lacuna
840 2198 1054 2282 interruptum
1081 2220 1177 2281 supra
1202 2217 1291 2260 num.
1318 2197 1359 2260 10
1380 2217 1433 2259 ex·
1528 2185 1529 2192 ¹

283 2307 432 2394 scripsi),
468 2310 576 2373 temen
604 2309 638 2371 in
665 2307 715 2372 his
744 2305 833 2372 libris
867 2308 1016 2372 adversus
1044 2307 1204 2392 sophistas
1238 2305 1431 2389 conscriptis

225 2439 227 2447 ⁴
281 2417 372 2481 illum
399 2418 579 2503 neglexisse
606 2418 701 2482 istam
724 2418 959 2501 quaestionem,
992 2418 1099 2502 ecquis
1128 2417 1189 2482 sibi
1216 2415 1431 2502 persuadeat?

281 2526 403 2591 Iterum
439 2527 585 2592 laudatur
619 2527 751 2611 haecce,
789 2531 826 2590 ut
861 2528 999 2611 videtur,
1037 2527 1212 2592 Metrodori
1249 2525 1431 2610 disquisitio

283 2636 319 2702 Ο.
342 2638 382 2702 A.
411 2635 441 2703 V
469 2658 543 2722 pag.
565 2637 606 2702 58
636 2636 832 2721 (Philodem.
862 2637 999 2724 rhetor.)
1006 2689 1016 2722 ,
1045 2660 1140 2721 quem
1168 2637 1296 2720 quidem
1325 2636 1432 2700 locum

281 2747 352 2811 aliis
374 2746 519 2830 relinquo
544 2747 783 2813 enucleandum.

362 2932 411 3000 «1)
429 2931 533 3001 cruri,
553 2932 665 3000 quitus
683 2949 735 2988 res
754 2933 948 3002 singulorum
964 2934 1120 2989 hominnm
1138 2933 1347 3009 tractantur..

434 3051 488 3137 15)
512 3053 619 3131 Πρὸ(
642 3053 908 3133 Δημόκριτον.

364 3158 468 3224 Testis
490 3159 584 3245 hujus
607 3161 717 3246 scripti
740 3165 790 3226 est
807 3161 973 3248 Diogenes
988 3162 1133 3228 Laertius
1155 3161 1194 3247 X,
1213 3162 1264 3226 24.
1309 3160 1425 3245 Epicu·

278 3292 350 3333 rum
371 3269 519 3354 physices
534 3269 768 3356 Democriteae,
791 3273 876 3356 quod
891 3274 977 3337 certe
999 3272 1038 3336 ad
1059 3273 1240 3336 universam
1261 3271 1357 3356 hujus
1380 3271 1426 3335 di-

280 3379 433 3463 sciplinae
460 3381 618 3445 rationem
648 3383 778 3466 attinet,
808 3380 957 3446 heredem
985 3382 1083 3446 fuisse
1111 3404 1149 3446 ex
1170 3381 1241 3465 ipsa
1270 3381 1424 3446 derebus

278 3488 420 3574 physicis
441 3490 631 3573 placitorum
653 3492 890 3576 comparatione
905 3492 982 3556 satis
1005 3513 1161 3576 superque
1184 3494 1326 3575 apparet.
1356 3490 1427 3555 Dis·
1525 3487 1526 3522 ³

279 3599 457 3684 crepentias
488 3604 594 3665 autern
621 3602 799 3666 notaverim
825 3600 921 3666 hasce
949 3601 1149 3666 notissimas:
1178 3601 1428 3666 declinationem

279 3712 459 3792 atomorum
487 3708 672 3777 Democrito
700 3713 846 3802 ignotam
876 3711 1029 3798 (Aristot.
1053 3711 1091 3776 de
1114 3713 1203 3776 coelo
1226 3710 1292 3796 III,
1315 3711 1355 3798 2)
1387 3712 1425 3776 ab

278 3818 419 3903 Epicuro
449 3823 657 3886 constitutam
686 3821 830 3908 (Lucret.
855 3821 894 3885 de
916 3842 975 3885 rer.
999 3824 1064 3886 nat.
1088 3819 1136 3905 Π“,
1159 3821 1222 3886 216
1243 3843 1330 3906 seqq.
1360 3821 1422 3887 Cic.

278 3928 317 3993 de
338 3932 403 3994 nat.
428 3929 512 3994 deor.
536 3931 568 4015 I,
590 3932 642 4016 25,
665 3932 720 4016 693
750 3932 789 3995 de
811 3931 898 3997 finib.
922 3931 953 4015 I,
976 3932 1005 4014 6,
1030 3931 1069 3994 19
1092 3930 1163 4017 al),
1193 3936 1287 4015 atque
1316 3953 1424 3997 sensus

145 4089 146 4094 η
277 4039 421 4104 veritatis
444 4043 586 4121 κριτήρια
608 4039 825 4105 sDemocrito
847 4044 965 4127 negata
987 4041 1086 4124 (Sext.
1102 4039 1224 4125 Empir.
1242 4041 1310 4106 adv.
1327 4021 1423 4106 math.

278 4147 341 4213 VII
348 4199 358 4232 ,
383 4151 443 4214 135
467 4152 577 4234 seqq.)
584 4199 594 4234 ,
629 4150 684 4214 sed
712 4152 751 4216 ab
778 4150 919 4235 Epicuro
948 4151 1083 4235 probata
1116 4149 1234 4236 (Diog.
1257 4151 1363 4217 Laert.
1386 4151 1423 4230 X,

344 4421 361 4487 ι)
374 4417 437 4471 Vid.
445 4417 591 4486 Gomperz.
604 4419 633 4472 in
646 4418 823 4484 „Zeitschrift
834 4421 878 4474 fiir
891 4420 936 4474 die
949 4419 1203 4487 dsterr.Gymnas.“
1215 4421 1281 4476 XVI
1294 4440 1361 4492 pag.
1367 4429 1422 4478 826.
