3066 4914
796 409 833 425 ,.
878 369 1002 464 52„

409 539 557 616 Ridicula
583 548 755 633 eademque
790 509 953 613 auctorem
981 547 1066 612 clare
1092 548 1231 631 prodens
1259 545 1395 632 Epicuri
1423 543 1488 613 ad-

222 737 224 744 ,
324 659 498 724 versarium
528 659 624 724 lectio
652 661 702 724 est
728 661 827 727 κακὸν
851 660 904 726 ἐπὶ
925 661 1034 725 κακοῖε
1063 658 1147 743 (vid.
1171 657 1278 722 Rcish.
1302 658 1343 722 ad
1365 657 1399 724 h.
1422 659 1487 746 l.).

324 768 373 834 De
395 768 565 834 Timarcho
589 770 629 833 cf.
654 769 778 852 scriptt.
802 791 889 834 num.
909 768 956 832 18.
1001 767 1202 832 Vocabulum
1224 771 1410 850 θεόφαντα(
1433 771 1486 833 vi-

324 879 416 944 detur
444 902 463 943 a
484 879 666 944 Metrodoro
690 879 902 962 compositum
925 900 1010 960 esse,
1039 881 1124 942 certe
1146 899 1303 961 nusquam
1327 879 1407 943 alibi
1430 881 1487 943 in-

322 989 458 1055 venitur.
509 992 620 1072 ‘'Opurc
648 992 774 1076 spectat
806 989 846 1052 ad
874 987 1006 1072 Epicuri
1040 988 1233 1052 sententiam
1261 986 1357 1051 modo
1388 993 1487 1054 ante-

322 1121 482 1185 gressam:
512 1101 575 1176 ἐγὼ
605 1102 633 1165 δ’
656 1100 708 1182 ἐφ’
736 1100 858 1178 ἡδονά(
885 1103 1027 1178 ευνεχεῑε
1054 1103 1229 1178 παρακαλῶ
1257 1101 1309 1164 καλ
1336 1099 1399 1165 οὐκ
1428 1102 1487 1165 ἐπ’

323 1211 439 1292 ἀρετὰ(
467 1213 561 1278 κενὰ(
589 1211 639 1275 καὶ
666 1210 801 1289 ματαία(
827 1211 847 1288 ἢ
869 1211 1066 1290 ταραχώδεα
1094 1210 1229 1289 ἐχούεαε
1251 1213 1318 1275 τῶν
1341 1217 1486 1291 καρπῶν

208 1321 212 1330 ’
322 1321 379 1388 τὰ(
407 1321 549 1386 ἐλπίδατ.
599 1315 659 1397 Cui
687 1338 825 1402 quanam
854 1319 978 1382 ratione
1006 1317 1197 1382 Plutarchus
1225 1318 1354 1382 obstare
1384 1323 1487 1403 putet

324 1430 444 1495 dictum
459 1429 650 1511 Metrodori,
679 1428 825 1512 equidem
848 1443 914 1492 non
936 1428 1080 1512 dispicio.
1118 1427 1260 1492 Virtutes
1283 1428 1397 1492 inanes
1422 1451 1485 1493 eae

324 1543 414 1622 sunt,
437 1541 472 1603 in
494 1539 608 1622 quibus
630 1537 713 1602 nihil
734 1537 833 1621 inest,
857 1540 940 1622 quod
964 1538 1004 1602 ad
1020 1539 1161 1622 eorporis
1183 1539 1383 1622 voluptatem
1406 1562 1485 1623 per-

323 1650 432 1714 tineat.
477 1648 679 1712 Metrodorus
706 1648 827 1711 bonum
855 1649 1003 1712 omnibus
1025 1649 1118 1712 bonis
1145 1648 1352 1732 pulchrisque
1380 1651 1483 1714 rebus

323 1763 489 1844 praestans
519 1762 613 1842 atque
641 1759 749 1822 omnia
772 1759 940 1822 continens
963 1757 1132 1823 Timarcho
1155 1757 1288 1842 Epicuri
1314 1760 1481 1823 rationem

324 1869 530 1934 beatitudinis
559 1868 782 1952 adipiscendae
804 1869 909 1933 verbis
932 1889 1008 1931 sane
1030 1890 1126 1951 quam
1152 1868 1283 1932 tumidis
1312 1877 1481 1933 commen-

323 1979 387 2045 dat.
432 1980 673 2061 Ὁμοιοπάθειαι
701 1978 821 2042 similes
844 1981 919 2042 sunt
940 1971 1072 2042 affectus
1094 1981 1188 2061 atquc
1211 1979 1343 2062 Epicuri
1374 1984 1480 2043 secta-

323 2092 446 2172 torum,
489 2110 623 2172 quorum
660 2088 809 2171 princeps
846 2088 914 2171 ipse
951 2086 1152 2152 Metrodorus
1189 2088 1398 2153 Timarchum
1436 2092 1480 2154 ad

323 2199 493 2264 affectuum
509 2198 764 2263 communionem
779 2202 923 2282 revocat,
945 2201 1058 2281 utpote
1080 2221 1175 2282 quae,
1198 2198 1288 2283 quasi
1309 2201 1478 2284 mysteria,

322 2309 420 2394 vulgo
435 2309 571 2393 profano
588 2309 630 2372 sit
644 2307 818 2393 incognita.
847 2307 972 2393 Vulgus
988 2308 1076 2394 degit
1091 2311 1187 2390 χαμαὶ
1202 2313 1287 2391 βίον,
1304 2330 1362 2372 res
1379 2331 1478 2393 quae·
1531 2375 1532 2382 ρ

322 2419 366 2483 rit
386 2441 484 2484 vanas
511 2419 671 2502 sentitque
693 2417 857 2482 humiliter
886 2417 1095 2501 (χαμαίζηλον
1111 2417 1242 2482 Isocrat.
1259 2419 1352 2502 epist.
1368 2420 1424 2505 10)
1437 2422 1476 2504 ⁰).
1531 2399 1532 2432 ³

323 2529 438 2594 Verbis
461 2530 611 2609 ὄργια-
627 2529 672 2593 ὼε
694 2529 822 2608 ἀληθῶε
842 2531 1009 2609 θεόφαντα
1023 2529 1200 2617 Epicureus
1221 2527 1368 2593 homines
1392 2531 1478 2594 ridet

323 2638 603 2722 superstitionibus
627 2638 798 2723 obnoxios3
827 2637 962 2702 fortasse
984 2640 1067 2722 ipse,
1090 2660 1184 2721 quem
1206 2638 1398 2722 alloquitur,
1423 2640 1475 2702 Ti-

322 2747 471 2812 marchus
499 2748 654 2831 ejusmodi
682 2769 716 2812 se
745 2747 874 2812 dederat
900 2746 1119 2832 religionibus,
1158 2735 1243 2813 'dum
1272 2740 1350 2812 voce
1379 2750 1476 2828 ὄργια
1530 2745 1531 2748 '

321 2857 407 2922 haud
428 2878 500 2922 raro
523 2859 711 2941 ampliorem
733 2858 1001 2942 significationem
1023 2858 1220 2922 adsciscente
1232 2857 1361 2921 'collata
1376 2860 1475 2922 velim

322 2967 477 3053 neglectis
511 2969 583 3031 aliis
613 2967 691 3030 locis
725 2968 822 3032 verba
850 2968 947 3032 Marc.
978 2971 1097 3032 Anton.
1126 2967 1190 3050 Ill,
1219 2968 1254 3031 V:
1293 2968 1390 3048 ὄργια
1417 2975 1475 3049 τῆε

322 3078 447 3157 ἀρετῆς.
1529 3085 1530 3103 l

862 3188 928 3245 XV.

474 3287 563 3378 ¹Stob.
587 3287 679 3353 floril.
706 3290 775 3370 116,
796 3290 848 3354 42.
1528 3373 1529 3382 ἵ

365 3401 600 3480 Μητρόδωροε·
929 3459 934 3464 .
1256 3475 1257 3478 ¹
1327 3430 1331 3434 ·
1528 3387 1529 3437 l

407 3506 466 3578 Ob'
482 3495 644 3591 ρακαριεῑτ
670 3512 729 3578 τὸν
756 3512 894 3590 γέροντα
922 3514 991 3578 καθ’
1018 3513 1096 3579 δεον
1124 3514 1292 3594 γηράτκων
1320 3516 1470 3600 τελευτᾷ·

191 3703 194 3711 Ι
322 3621 393 3686 ἀλλ’
415 3621 444 3686 εἰ
458 3624 526 3686 rote
549 3620 683 3697 ἀγαθοῖο
705 3623 984 3702 ευμπεπλήρωται·
1007 3623 1102 3689 ἕνεκα
1123 3625 1185 3702 γὰρ
1206 3623 1328 3703 χρόνου
1351 3627 1473 3694 πάντεε

321 3732 413 3811 ἐτμὲν
429 3732 545 3811 ἄωροι.

406 3881 469 3946 Ρτο
492 3883 594 3962 ἄωροι
616 3883 714 3968 vulgo
737 3883 903 3967 legebatur
924 3885 1061 3967 dbwpor,
1085 3885 1170 3967 quod
1192 3886 1289 3949 etiam
1307 3886 1470 3953 Gesnerus
1526 3861 1527 3870 ἵ

389 4165 412 4231 ¹¹)
433 4161 472 4217 cf.
485 4161 594 4216 Platon.
606 4161 764 4234 Euthyphr.
785 4169 815 4217 14
827 4164 865 4218 D:
884 4167 968 4231 χαμαὶ
988 4169 1111 4218 πεεεῖτατ
1128 4166 1183 4229 dm
1201 4166 1236 4218 dv
1254 4165 1345 4235 εἷπῃε.
1378 4166 1470 4221 Schol.
1525 4175 1526 4190 ¹

322 4245 358 4299 ad
376 4246 404 4300 h.
413 4247 431 4300 l.
450 4246 562 4301 Pindar.
581 4247 661 4300 Nem.
680 4247 725 4313 IX,
743 4255 772 4302 τε
791 4251 827 4314 μὴ
847 4252 931 4315 χαμαὶ
949 4255 1009 4317 (qq
1027 4250 1163 4312 καλύψαι·
1188 4249 1319 4304 etruscin
1336 4251 1363 4302 δ’
1375 4253 1469 4307 ἐπέων

322 4361 354 4369 -
373 4333 460 4387 ἀοιδά.
497 4332 614 4400 Saepius
633 4331 708 4400 apud
727 4333 876 4399 scriptores
893 4333 1077 4398 recentiores,
1096 4331 1172 4385 inter
1189 4349 1260 4399 quos
1272 4333 1337 4387 Vet.
1357 4337 1389 4389 et
1400 4337 1468 4392 Nor.

320 4415 456 4482 Testem,
474 4418 508 4469 τὸ
526 4418 610 4483 χαμαί
628 4414 775 4484 reperitur.
811 4417 874 4469 Vid.
894 4417 990 4484 Steph.
1008 4417 1088 4475 Thes,
1515 4463 1525 4883 ,
