3066 4914
743 304 953 398 -11-

274 508 377 575 visum
398 510 461 573 -est
486 529 598 592 parum
627 507 784 573 rationem
816 505 950 574 habenti
976 504 1143 568 titulorum
1172 503 1305 570 minime
1339 501 1427 570 idem

186 615 189 620 ’
273 618 511 684 declarantium.
554 616 644 694 Quod
660 615 700 681 ad
715 617 938 701 argumentum
952 614 1107 698 pertinet,
1131 613 1309 681 contendas
1325 612 1422 698 Diog.

274 727 378 792 Lacrt.
401 726 440 811 X,
466 729 535 792 117.
562 728 631 791 122.

426 837 462 922 2)
486 838 582 918 Περὶ
604 838 857 920 φιλοεοφίαε.
1129 885 1132 890 .

359 946 430 1012 Hoc
460 968 539 1031 opus
570 970 589 1011 a
618 947 788 1012 Plutarcho
817 945 886 1010 adv.
916 943 1020 1010 01111.
1052 945 1131 1009 1127
1154 943 1182 1007 Β
1207 947 1423 1008 'memoratum

275 1057 444 1144 Menagius
474 1057 568 1122 etiam
597 1057 667 1122 adv.
692 1057 794 1123 Golot.
822 1055 903 1120 1108
918 1053 962 1118 E:
992 1055 1011 1119 ὁ
1040 1057 1076 1120 δὲ
1099 1055 1317 1135 Μητρόδωρος
1339 1055 1422 1120 ἀντι-

275 1169 351 1248 κρὺ(
366 1170 440 1248 περὶ
454 1168 650 1250 φιλοεοφίαε
665 1167 790 1248 εἴρηκεν
812 1165 934 1229 laudari
955 1165 1133 1247 suspicatus
1147 1165 1205 1248 est,
1229 1169 1423 1249 quapropter

276 1277 478 1342 scribendum
505 1277 687 1360 proposuit:
715 1275 833 1357 ἀντικρ.
862 1276 965 1360 ἐντῷ
993 1275 1066 1355 περὶ
1093 1277 1159 1354 φιλ.
1183 1274 1239 1352 εἴρ.
1284 1275 1331 1339 At
1357 1296 1422 1338 non

276 1389 339 1470 est,
363 1408 419 1451 cur
433 1386 529 1451 verba
544 1386 675 1471 vulgata
689 1386 856 1470 reprobes,
879 1384 919 1449 ad
934 1405 1013 1468 quae
1029 1382 1123 1447 modo
1139 1386 1246 1448 mente
1261 1384 1421 1469 concipias

274 1518 392 1561 nomen
415 1497 623 1578 Ἐπικούρου,
655 1517 730 1560 nam
764 1495 803 1560 do
829 1493 961 1579 Epicuri
993 1492 1197 1578 philosophia
1224 1492 1323 1564 hocce
1352 1494 1421 1558 loco

135 1683 136 1686 Ἴ
275 1606 391 1692 agitur.
423 1605 471 1671 01.
489 1605 624 1670 Metrod.
640 1605 755 1690 fragm.
776 1627 862 1670 num.
879 1602 1013 1668 XXXII.
1052 1602 1200 1670 Ceterum
1222 1602 1422 1668 Metrodorus

275 1737 386 1780 omnes
399 1715 620 1799 philosophiae
634 1719 741 1800 partes
763 1717 916 1779 tractasse
931 1714 1055 1779 videtur
1076 1716 1171 1797 atque
1193 1735 1231 1777 ex
1246 1713 1320 1778 libri
1335 1714 1420 1799 frag-

274 1824 390 1890 mentis
419 1847 438 1890 a
457 1824 628 1890 Plutarcho
652 1825 728 1908 (vid.
752 1825 899 1910 fragium.
922 1847 1009 1888 num.
1025 1823 1146 1888 XVIII.
1170 1822 1264 1912 XIX)
1286 1824 1420 1888 servatis

275 1955 347 1999 eum
376 1934 471 1999 etiem
500 1934 538 1998 de
559 1934 722 2019 republica
745 1934 937 2019 capessenda
965 1933 1041 2017 quid
1062 1933 1254 2017 philosopho
1277 1933 1420 2018 cogitan-

275 2044 350 2108 dum
372 2045 429 2128 sit,
453 2044 638 2109 disseruisse
660 2047 794 2110 constat.

590 2239 624 2310 b)
642 2239 728 2297 Libri
745 2241 873 2311 physica
891 2239 1097 2297 continentes.

425 2379 460 2464 3)
483 2382 581 2460 Περὶ
602 2381 832 2462 μεταβολῆς.

360 2487 485 2552 Oitetur
506 2489 585 2553 haec
608 2486 738 2573 scriptio
767 2509 786 2552 a
807 2487 952 2572 Diogene
974 2485 1102 2550 Laertio
1124 2484 1169 2568 X,
1191 2487 1234 2550 24
1262 2489 1294 2550 et
1315 2484 1421 2553 Philo-

276 2597 368 2660 (lemo
397 2597 436 2661 de
464 2599 582 2682 pietate
613 2597 660 2662 ed.
685 2596 852 2680 Gomperz.
880 2617 953 2680 pag.
976 2596 1047 2660 137.
1072 2595 1228 2682 13811111
1253 2595 1419 2662 01011.

274 2705 309 2770 II
329 2728 402 2792 pag.
422 2708 491 2772 122.
516 2708 608 2792 123).
653 2706 783 2771 Librum
805 2705 1009 2770 Metrodorus
1037 2706 1174 2770 scribere
1202 2705 1358 2785 instituit,
1386 2709 1421 2770 ut

275 2816 466 2902 fragmento,
482 2817 567 2900 quod
582 2816 667 2901 apud
682 2815 905 2881 Philodemum
921 2815 997 2902 (vid.
1011 2814 1147 2880 Metrod.
1163 2815 1278 2902 fragm.
1293 2838 1381 2882 num.
1390 2815 1418 2898 I)

275 2927 450 3011 reperimus
472 2927 556 2992 male
578 2930 753 3010 servatum,
777 2926 997 3010 confirmatur,
1020 2924 1059 2990 de
1074 2925 1130 3008 iis,
1154 2947 1234 3010 quae
1248 2928 1419 3005 mutentur,

275 3058 419 3120 quaeque
446 3040 608 3122 nequeant
633 3036 766 3120 mutari,
802 3057 883 3120 quae
911 3035 1089 3120 solvantur,
1122 3057 1265 3120 quaeque
1298 3058 1421 3121 semper

276 3150 426 3210 maneant
454 3147 572 3212 eedem.
616 3147 723 3231 Atque
744 3147 795 3211 his
824 3146 862 3210 de
883 3146 977 3210 rebus
1002 3146 1203 3230 quaestiones
1232 3167 1304 3210 cum
1326 3169 1419 3231 gene-

274 3255 370 3319 ratim
385 3256 524 3340 antiquis
539 3256 755 3342 philosophis,
777 3259 846 3322 tum
861 3255 1018 3339 imprimis
1034 3255 1173 3339 Epicuro
1190 3279 1228 3320 ex
1243 3259 1419 3321 atomorum

276 3363 453 3450 agitatione
475 3369 508 3430 et
529 3367 733 3432 concretione
755 3367 935 3432 universum
959 3366 1127 3431 deducenti
1142 3366 1349 3452 gravissimae
1371 3389 1421 3432 ex·

253 3473 440 3557 stiterunt,
470 3475 587 3561 quippe
609 3477 699 3561 cujus
720 3477 759 3540 de
778 3476 856 3561 diis,
879 3476 917 3541 de
941 3476 1064 3559 anima,
1093 3474 1132 3539 dc
1151 3475 1284 3559 mundo,
1309 3477 1419 3542 ceteris

275 3582 421 3648 doctrina
447 3584 521 3649 inde
550 3585 735 3651 illustretur.
780 3587 829 3653 01.
858 3586 953 3671 Diog.
983 3585 1087 3650 Laert.
1116 3584 1162 3666 X,
1189 3586 1241 3651 40.
1269 3587 1312 3651 54
1333 3607 1418 3670 seqq.

275 3691 400 3760 Lucret.
430 3693 469 3758 de
495 3717 555 3760 rer.
583 3699 649 3761 net.
680 3696 706 3780 Ι,
733 3697 796 3762 584
817 3717 903 3780 seqq.
934 3695 976 3779 II,
1004 3695 1067 3760 478
1088 3716 1175 3778 seqq.
1207 3697 1294 3782 (cum
1314 3696 1417 3761 Munr.

275 3805 413 3888 annoti.)
436 3808 469 3869 et
490 3827 569 3890 quae
591 3828 651 3870 nos
674 3807 714 3870 ad
730 3806 864 3871 Metrod.
887 3806 1000 3890 fragm.
1023 3803 1143 3868 num.I
1164 3806 1415 3872 annotabimus'

425 3915 461 3998 4)
483 3917 579 3997 Περὶ
602 3921 710 3983 θεῶν.

359 4021 482 4089 Laudat
503 4024 565 4090 hoc
587 4047 667 4111 opus
682 4023 888 4093 Philodemus
903 4026 924 4090 l.
941 4047 967 4090 c.
983 4046 1056 4110 pag.
1075 4026 1133 4090 137
1150 4025 1236 4109 apud
1251 4025 1417 4111 Gomperc.

277 4131 630 4221 (0.A.11pag.122):
652 4137 704 4202 καὶ
727 4135 976 4224 Μητρό(δωροε)
998 4136 1149 4216 τυγχάνει
1172 4187 1249 4202 ......
1273 4137 1348 4222 (οὐκ
1370 4139 1418 4219 ἐν)

275 4248 320 4327 τῷ
343 4246 416 4323 περὶ
437 4245 536 4332 θε(ῶν
560 4245 645 4326 οὐ)δ’
672 4247 707 4311 ἐν
735 4253 780 4330 τῷ
807 4245 894 4331 πε(ρὶ
916 4245 1123 4332 permistim,
1152 4244 1207 4310 ubi
1236 4247 1309 4326 περὶ
1337 4253 1418 4314 θεῶν

275 4373 341 4416 nou
363 4352 457 4418 dubie
478 4353 664 4437 reposcitur.
709 4355 747 4418 Iu
763 4355 944 4421 universum
960 4355 1000 4419 cf.
1017 4353 1082 4420 oie.
1097 4353 1135 4417 de
1150 4357 1215 4419 nat.
1233 4355 1318 4420 deor.
1335 4356 1361 4420 Ι.
1377 4355 1417 4420 Π.
