3066 4914
547 354 759 419 ...13-

59 525 257 592 Philodem.
281 524 316 617 0
341 525 379 588 Α.
402 547 475 610 pag.
495 525 556 589 149
568 524 607 610 6))
615 575 624 608 ,
648 526 792 604 Ἡδεῖαν,
816 526 981 610 Ἐρώτιον,
1005 527 1145 595 Νικίδιον
1169 528 1229 612 (aie

61 640 161 702 recte
192 637 312 721 legitur
337 635 434 720 Diog.
457 634 562 699 Laert.
586 633 632 717 X,
653 636 683 699 7.
727 635 821 719 Apud
850 634 1011 701 Plutarch.
1040 656 1107 701 non
1134 659 1229 722 posse

62 769 161 812 suav.
187 747 252 811 viv.
277 745 360 810 1089
375 745 417 830 03
440 743 567 810 10971)
589 744 687 828 vulgo
709 745 859 809 scribitur
881 747 1047 832 Νικήδιον,
1076 748 1132 812 sed
1154 770 1228 813 eon-

62 857 222 921 firmetur
244 854 453 920 ePhilodem.
476 855 497 919 1.
514 855 557 941 ο.)
563 904 572 937 ,
597 857 726 920 Βοῑδιον
750 854 926 938 (Plutarch.
943 855 964 920 l.
981 859 1041 942 c),
1062 859 1229 926 Φιλαίνιδα

65 967 164 1031 addit
181 964 343 1032 Cleomed.
360 965 440 1049 cycl.
457 964 560 1032 theor.
575 963 618 1048 ΙΙ,
637 963 652 1028 1
669 946 724 1028 fin.
761 964 882 1039 Quibus
898 966 1092 1031 mulierculis
1107 967 1228 1032 factum

66 1080 138 1160 est,
168 1080 208 1142 ut
228 1075 315 1140 horti
336 1074 488 1159 Epicurei
514 1075 555 1138 ab
583 1074 771 1139 adversariis
792 1097 947 1160 magnum
969 1075 1103 1160 lupanar
1124 1077 1229 1160 perhi-

66 1188 246 1270 berentur,
270 1187 304 1249 in
320 1205 381 1269 quo
404 1184 585 1250 meretrices
608 1185 848 1270 vulgatissimae
871 1206 943 1249 eum
959 1186 1081 1250 cunctis
1096 1185 1228 1270 Epicuri

69 1296 244 1380 discipulis
267 1317 335 1360 rem
356 1295 519 1360 haberent.
556 1293 744 1360 chluen.
767 1294 921 1378 Deipnos.
944 1295 1034 1379 XHI,
1049 1297 1112 1361 588
1127 1296 1154 1360 Β
1171 1298 1227 1380 al.;

70 1408 111 1471 de
128 1407 244 1471 eadem
258 1429 294 1470 re
314 1405 392 1469 satis
408 1405 582 1489 disputavit
597 1404 779 1470 Gassendus
802 1404 899 1489 (Opp.
916 1409 993 1470 tom.
1009 1403 1057 1470 VI
1076 1427 1150 1491 pag.
1168 1407 1228 1469 112

71 1539 158 1602 seq,
184 1517 257 1601 at),
280 1519 317 1580 ut
337 1515 417 1580 alios
440 1516 587 1580 omittam
600 1515 641 1599 1ι).

163 1627 385 1692 Metrodorum
400 1648 476 1710 pree
492 1625 605 1691 ceteris
627 1625 834 1690 libidinosum
850 1626 950 1690 fuisse
972 1625 1093 1691 indicat
1105 1626 1229 1692 Plutar-

72 1738 155 1802 chus
180 1759 248 1802 non
270 1758 365 1821 posse
387 1759 473 1802 suav.
496 1738 558 1801 viv.
584 1735 665 1801 1098
680 1735 723 1800 B:
752 1737 818 1816 Τὴν
840 1739 982 1819 μὲν-γὰρ
1007 1739 1230 1818 Μητροδώρου

75 1850 200 1930 μητέρα
223 1851 275 1913 καὶ
295 1851 354 1927 τὴν
378 1847 540 1930 ἀδελφὴν,
571 1849 616 1912 ωε
639 1846 853 1926 ὑπερέχαιρον
875 1847 927 1912 ἐπὶ
948 1852 1017 1913 τοῖε
1038 1848 1150 1928 γάμοι(
1173 1849 1229 1914 αὐ-

18 1979 21 1989 *
74 1965 153 2042 τοῦ,
186 1995 223 2006 -—
254 1961 289 2024 ἐκ
315 1964 381 2023 τῶν
410 1959 539 2039 βιβλίων
567 1959 673 2038 δήπου
696 1959 797 2036 δῆλόν
826 1959 917 2023 ἐετιν.
962 1955 1112 2022 Ceterum
1140 1980 1230 2022 suam

77 2069 194 2152 cuique
227 2068 384 2152 discipulo
416 2067 636 2133 mulierculam
670 2065 828 2131 addictam
854 2066 967 2148 fuisse,
1004 2089 1021 2131 e
1049 2065 1230 2132 Philodemi

77 2179 262 2264 fragmento
285 2201 382 2263 supra
396 2178 493 2242 citato
516 2178 620 2242 elucet
641 2177 833 2260 refellentis,
855 2179 891 2240 ut
911 2177 1049 2259 videtur,
1072 2177 1231 2260 quendam

80 2289 360 2354 calumniatorem:
385 2289 556 2373 (θ)ρυλῶν,
581 2289 630 2354 ὅτι
645 2287 815 2372 Λεόντιο(ν
837 2289 898 2369 ulad
921 2288 1015 2366 ἑτέρα
1028 2307 1075 2352 τι(
1097 2289 1228 2354 Ε(..ΤΗ

83 2399 147 2488 [ἐπὶ
161 2397 235 2486 aql]
253 2396 511 2486 upuruurelulrll
536 2398 767 2479 μνημονεύεται
787 2397 839 2461 καὶ
855 2396 995 2462 Νικίδιον
1010 2397 1030 2475 ἡ
1047 2399 1230 2478 Ἰδομενέως

83 2513 243 2592 ἐρωμένη,
266 2511 431 2577 Λεοντέως
447 2511 484 2574 δὲ
501 2505 789 2594 Μαμμά(ρ)[ιῗ]ον,
813 2507 991 2588 Ἑρμάρχου
1015 2509 1051 2573 δὲ
1072 2508 1231 2589 Δημη..Α

84 2617 294 2708 [Δημητρίαῖ]
383 2620 619 2706 Πυθο(κλ)έουε
640 2667 767 2684 .......
790 2613 1024 2704 Πολυ[αἰνου’2]
1110 2618 1232 2701 reliqua
1363 2645 1365 2649 ¹

84 2731 206 2795 desunt.
251 2728 301 2794 Cf.
325 2729 477 2814 Spengel.
499 2729 616 2794 Philol.
639 2729 661 2794 l.
685 2750 712 2792 c.
734 2749 808 2812 pag.
824 2728 920 2792 534:

165 2839 235 2905 Nee
263 2861 340 2904 vero
367 2839 586 2922 infitiandum,
615 2838 710 2903 hasce
737 2838 891 2920 feminas,
919 2836 1100 2922 Themista,
1132 2859 1231 2903 uxore

86 2951 227 3034 Leontei,
245 2953 378 3034 excepta
392 2953 502 3035 (quem
517 2948 644 3033 quidem
659 2948 819 3013 immerito
833 2947 968 3012 Rossius
984 2968 1098 3012 comm.
1112 2947 1229 3012 Laertt.

87 3084 157 3146 pag.
173 3061 236 3128 252
258 3061 391 3145 perinde
406 3061 605 3127 meretricem
618 3059 730 3142 fecit),
753 3058 852 3122 fuisse
867 3057 1000 3142 amicas,
1023 3079 1102 3144 quas
1118 3057 1232 3123 Graeci

88 3175 210 3253 ἑταίρα(
240 3171 399 3236 dicebant.
444 3170 509 3235 Eas
536 3191 603 3233 non
630 3169 676 3232 ita
696 3189 768 3232 raro
791 3168 880 3232 omni
908 3168 1086 3232 litterarum
1113 3189 1231 3252 genere

88 3284 182 3347 fuisse
205 3283 344 3347 eruditas
366 3281 561 3366 ingenioque
583 3280 662 3344 mire
684 3277 826 3342 versatili
848 3277 984 3342 multum
1005 3277 1157 3362 valuisse,
1180 3297 1231 3341 eo-

90 3416 145 3476 que
171 3409 403 3476 nonnunquam
431 3392 551 3456 factum
580 3412 664 3473 esse,
698 3393 734 3454 ut
762 3411 780 3452 a
807 3388 883 3452 viris
912 3409 1006 3473 quam
1034 3387 1231 3472 gravissimis

90 3525 143 3588 pro
154 3505 250 3589 justis
265 3502 459 3568 haberentur
481 3501 648 3583 uxoribus,
671 3499 756 3565 haud
777 3501 925 3584 ignotum
948 3502 1006 3564 est.
1046 3497 1095 3564 cf.
1113 3497 1231 3562 Athen.

91 3615 237 3700 Deipnos.
260 3613 351 3697 XHI,
366 3614 437 3679 583.
782 3604 783 3607 ¹
898 3697 899 3702 η

168 3725 281 3808 Neque
303 3724 396 3788 aliter
410 3722 630 3788 Metrodorum
653 3743 725 3786 eum
738 3719 874 3788 Leontio
897 3717 1230 3805 egisseDiog.Lae1t.
1317 3701 1324 3716 ’

92 3835 127 3911 Χ,
141 3837 180 3902 23
201 3835 309 3900 verbis
329 3835 418 3899 hisce
440 3834 575 3898 indicat:
597 3835 650 3898 καὶ
664 3834 817 3899 Λεόντιον
839 3833 980 3910 Ἀττικὴν
1002 3831 1131 3909 ἑταῖρον
1154 3829 1232 3896 ἀνα-

93 3949 194 4028 λαβὼν
201 3997 212 4031 ,
234 3945 302 4026 εἶχε
322 3947 501 4026 παλλακήν.
539 3942 695 4019 Quocirca
710 3963 783 4016 ¹non
803 3943 868 4024 est,
891 3961 948 4004 cur
968 3961 1039 4004 eam
1054 3939 1231 4005 Metrodori

155 4152 174 4218 ι)
193 4148 324 4218 Spengel.
342 4109 481 4217 Philolog.
497 4147 516 4201 l.
534 4163 557 4201 e.
575 4163 641 4216 pag.
657 4151 719 4200 534:
742 4147 925 4213 ,,Μάμμαρον
942 4143 980 4198 ist
1002 4160 1053 4198 aus
1070 4141 1148 4199 einer
1165 4145 1231 4199 atti-

95 4236 170 4290 sehen
187 4234 321 4294 Insehrilt
337 4233 507 4302 gesiehert“.

155 4323 176 4388 11)
193 4320 282 4374 Recte
304 4320 364 4384 fere
382 4315 525 4386 judicavit
546 4315 697 4372 Steinhart.
720 4315 749 4369 in
767 4315 863 4371 Erech.
882 4315 912 4369 et
929 4313 1046 4370 Gruber.
1069 4314 1183 4384 Eneycl.
1205 4330 1231 4369 v.

95 4405 195 4476 llpicur.
