3066 4914
786 335 976 409 ,1,

307 514 520 598 spectantium
542 535 608 577 non
631 536 682 598 ea,
706 537 800 598 quam
823 538 860 580 ex
875 537 993 599 magno
1016 515 1214 579 voluminum
1236 513 1359 577 ambitu
1374 513 1458 597 quis-

305 625 392 708 piam
415 625 658 708 exspectaverit,
686 624 841 688 redundet
863 603 964 709 eopia.
1009 624 1081 687 Huc
1109 624 1245 707 accedit,
1274 623 1457 707 quod,·qui

306 739 424 798 certam
445 735 479 798 in
494 735 656 820 integrum
671 734 906 799 restitutionem
922 735 1109 817 admittunt,
1132 735 1220 797 locos
1234 755 1294 817 pro
1309 734 1459 816 portione

306 848 527 928 corruptorum
549 866 724 928 perpaucos
752 845 942 914 invenimus.
985 845 1160 927 Nimirum,
1188 866 1282 927 quam
1305 842 1458 906 adbibue-

305 959 382 1019 runt
403 955 593 1019 restituendi
614 956 772 1045 rationem
793 955 914 1020 Prioris
937 955 1146 1020 Voluminum
1168 953 1457 1016 Herculanensium

306 1063 514 1130 Collectionis
544 1065 695 1149 (Neapoli
718 1065 871 1129 continua
893 1065 940 1130 XI
962 1070 1137 1146 tomorum,
1167 1064 1194 1126 si
1217 1064 1370 1127 omissum
1393 1063 1458 1126 Vll

305 1176 480 1259 exceperis,
510 1176 590 1239 serie
618 1175 692 1239 inde
720 1177 760 1238 ab
788 1198 815 1239 a.
843 1177 924 1240 1793
952 1197 1051 1258 usque
1080 1175 1119 1238 ad
1143 1196 1170 1237 a.
1196 1174 1278 1238 1855
1306 1175 1455 1254 emissae)

304 1285 442 1350 editores
464 1285 649 1350 Academici
663 1285 934 1368 Herculanenses,
956 1306 1108 1368 persaepe
1130 1285 1178 1348 illi
1201 1283 1327 1366 quidem
1349 1287 1457 1346 vastas

304 1397 434 1460 lacunas
457 1396 663 1479 conjecturis
678 1395 863 1478 supplentes
887 1395 1108 1458 audacioribus
1132 1415 1226 1477 quam
1254 1394 1455 1476 rectioribuS,

304 1528 374 1571 eam
396 1528 471 1570 sane
494 1527 561 1568 non
588 1505 705 1588 ubique
733 1505 900 1590 approbes.
945 1505 1057 1568 Altera
1079 1506 1201 1586 autem,
1230 1503 1456 1587 quam-Julius

282 1655 284 1657 -
302 1615 512 1680 Minervinius
528 1615 682 1678 edendam
698 1615 819 1679 curavit
839 1615 882 1698 (V
899 1618 975 1678 tom.
992 1615 1048 1678 fol.
1065 1614 1096 1678 N
1099 1614 1200 1698 eapol.
1219 1614 1344 1676 1861-
1357 1614 1456 1696 1865)

301 1730 334 1789 et
356 1747 434 1808 quae
457 1726 498 1788 ab
520 1725 637 1810 Anglis
666 1725 719 1810 (ll
734 1728 812 1788 tom.
837 1726 932 1809 8maj.
956 1722 1058 1788 011011.
1085 1723 1221 1808 182415)
1251 1726 1325 1786 sunt
1354 1723 1456 1787 divul-

300 1837 377 1920 gata
385 1837 412 1918 a)
418 1885 427 1918 ,
451 1835 595 1918 quamvis
618 1836 789 1899 exhibeant
810 1837 910 1899 multa
932 1835 1015 1898 haud
1038 1833 1231 1918 spernenda,
1255 1835 1363 1896 tamen
1385 1833 1455 1896 fere

301 1946 423 2028 omnia,
447 1966 527 2028 quae
550 1948 625 2008 sunt
647 1945 685 2008 de
707 1945 907 2028 Metrodoro,
934 1945 1136 2008 restitutione
1158 1944 1192 2006 in
1214 1943 1376 2026 integrum
1401 1966 1454 2006 ve-

300 2054 465 2118 hementer
477 2054 633 2138 indigent.
663 2054 741 2118 Fide
755 2077 827 2118 vero
842 2055 1064 2138 descriptionis
1077 2053 1257 2136 exemplum
1270 2050 1455 2116 Oxoniense

299 2164 512 2248 Neapolitano
546 2164 681 2228 multum
715 2168 876 2248 praestare
905 2164 1094 2248 Spengelius
1131 2163 1238 2227 docuit
1271 2163 1456 2248 fragmenta

273 2361 275 2366 Ι
298 2276 379 2338 tomi
395 2274 410 2337 l
434 2274 470 2339 Ο.
486 2275 525 2338 Α.
542 2278 741 2357 pertractans
764 2277 798 2339 in
814 2298 851 2338 ea
865 2274 1148 2357 commentatione,
1172 2295 1265 2356 quam
1288 2274 1456 2357 inscripsit

303 2385 378 2469 „die
393 2384 655 2448 herculanischen
673 2385 810 2448 Rollen“
833 2384 1006 2470 (Philolog.
1025 2386 1116 2448 1863.
1135 2383 1244 2468 Suppl.
1260 2383 1293 2447 ll
1308 2372 1381 2468 pag.
1389 2385 1455 2446 495

297 2495 445 2578 -548).
495 2495 647 2558 Attamen
674 2495 813 2577 reliquos
843 2494 876 2558 O.
905 2496 944 2558 A.
978 2498 1083 2558 tomos
1112 2495 1221 2558 eadem
1251 2494 1453 2577 negligentia

298 2627 367 2669 esse
390 2595 581 2688 descriptos,
604 2603 765 2667 neminem
789 2605 1026 2686 comparatione
1048 2605 1194 2668 instituta
1209 2603 1320 2687 fugiet.
1360 2603 1452 2666 Cete-

297 2737 368 2778 rum
390 2715 643 2798 fragmentorum
666 2714 838 2797 separatim
861 2736 899 2777 ex
921 2714 971 2777 his
994 2715 1208 2778 voluminibus
1231 2713 1449 2797 aSpengelio,

299 2825 505 2908 Gomperzio,
535 2825 605 2887 aliis
634 2825 806 2908 editorum,
830 2847 909 2908 quae
937 2825 1063 2908 quidem
1093 2823 1225 2906 adipisci
1247 2823 1354 2904 potui,
1378 2846 1449 2906 per-

217 2984 219 2988 .
297 2935 372 3000 inde
398 2935 557 2998 rationem
580 2934 677 2997 habui
700 2936 911 2998 necessariam
940 2938 1032 3018 atque
1060 2933 1363 2998 commentationum
1386 2934 1450 2996 huo

270 3044 518 3128 spectantium.

380 3154 401 3218 J
403 3176 454 3218 am
469 3155 578 3218 multis
594 3155 688 3219 rebus
704 3155 744 3218 ad
759 3154 891 3238 Epicuri
912 3155 1060 3219 intimum
1075 3155 1308 3240 pertinentibus
1324 3155 1449 3219 Plutar-

297 3265 374 3329 chus
391 3265 516 3328 ornavit
530 3265 644 3350 libros,
666 3287 745 3348 quos
762 3266 903 3350 scripsit:
926 3267 1075 3330 adversus
1092 3265 1250 3347 Colotem,
1271 3287 1337 3328 11011
1352 3288 1448 3348 posse

296 3375 434 3438 suaviter
463 3376 527 3438 vivi
555 3376 729 3439 secundum
757 3376 946 3461 Epicurum,
982 3376 1020 3438 de
1049 3376 1185 3439 latenter
1212 3375 1357 3440 vivendo,
1402 3377 1448 3439 Aa

296 3507 386 3568 cave,
409 3507 450 3548 ne
473 3485 640 3549 bonafide
664 3487 776 3550 ductus
798 3508 856 3570 pro
879 3487 960 3550 veris
983 3487 1091 3549 omnia
1112 3485 1244 3568 habeas,
1274 3507 1354 3568 quae
1376 3485 1447 3570 phi-

295 3595 462 3679 losophus,
486 3597 670 3679 ceteroquin
692 3598 719 3661 is
742 3597 869 3681 quidem
892 3619 985 3680 quam
1008 3595 1244 3676 veracissimuS,
1269 3595 1447 3679 (1011111011-

295 3705 356 3770 reis
380 3706 479 3771 affert.
525 3705 670 3790 Etenim,
694 3707 747 3790 qui
769 3708 842 3770 illos
865 3707 963 3770 libros
984 3705 1177 3788 primoribus
1199 3708 1325 3768 tantum
1348 3706 1446 3770 labris

293 3816 485 3900 gustaverit,
520 3817 547 3880 is
574 3819 721 3901 protinus
749 3816 994 3897 animadvertet,
1024 3837 1118 3897 quam
1147 3815 1305 3879 infensam
1334 3820 1446 3880 contra

293 3925 467 4010 Epicurum
491 3927 628 4010 scriptor
650 3927 797 3990 ostendat
816 3929 964 3989 mentem.
1002 3924 1190 4008 Ubicunque
1213 3927 1298 3989 enim
1313 3926 1445 4010 Epicuri

295 4037 344 4100 vel
366 4017 542 4101 Metrodori
565 4038 649 4102 diota
671 4037 794 4119 laudat,
818 4036 868 4099 vel
890 4036 996 4120 potius
1025 4057 1063 4098 ex
1085 4035 1190 4118 operis
1213 4039 1364 4100 contextu
1387 4045 1445 4101 eri-

360 4219 380 4282 Ι)
404 4215 436 4268 111
458 4231 608 4284 progressu
631 4213 874 4268 commentationis
898 4212 1038 4266 scribendi
1060 4213 1234 4282 corripendiis
1258 4213 1442 4267 0010110001-

292 4300 442 4353 lectionem
460 4301 598 4353 Priorem:
616 4299 646 4353 C.
659 4299 702 4364 P.;
721 4297 922 4352 Collectionom
941 4297 1080 4354 Alteram:
1100 4297 1129 4352 C.
1141 4299 1185 4364 Aa
1205 4299 1354 4352 editionem
1370 4300 1442 4354 Oxo-

182 4381 187 4387 ’
291 4384 429 4439 niensem:
450 4385 499 4437 Ox.
