<?xml version="1.0" encoding="UTF-8"?>
<!DOCTYPE html PUBLIC "-//W3C//DTD XHTML 1.0 Transitional//EN"
    "http://www.w3.org/TR/xhtml1/DTD/xhtml1-transitional.dtd">
<html xmlns="http://www.w3.org/1999/xhtml" xml:lang="en" lang="en">
 <head>
  <title>
</title>
<meta http-equiv="Content-Type" content="text/html;charset=utf-8" />
  <meta name='ocr-system' content='tesseract 3.04.00' />
  <meta name='ocr-capabilities' content='ocr_page ocr_carea ocr_par ocr_line ocrx_word'/>
</head>
<body>
  <div class='ocr_page' id='page_1' title='image "./demetrodoriepic00metrgoog_0017.png"; bbox 0 0 3066 4914; ppageno 0'>
   <div class='ocr_carea' id='block_1_1' title="bbox 415 363 762 432">
    <p class='ocr_par' dir='ltr' id='par_1_1' title="bbox 415 363 762 432">
     <span class='ocr_line' id='line_1_1' title="bbox 415 363 762 432; baseline -0.003 0"><span class='ocrx_word' id='word_1_1' title='bbox 415 363 762 432; x_wconf 46' lang='lat'><strong>.—9⁶-</strong></span> 
     </span>
    </p>
   </div>
   <div class='ocr_carea' id='block_1_2' title="bbox 71 513 1269 4478">
    <p class='ocr_par' dir='ltr' id='par_1_2' title="bbox 71 513 1233 1060">
     <span class='ocr_line' id='line_1_2' title="bbox 71 513 1232 617; baseline 0.002 -21"><span class='ocrx_word' id='word_1_2' title='bbox 71 554 167 616; x_wconf 88' lang='lat' dir='ltr'><strong>esse,</strong></span> <span class='ocrx_word' id='word_1_3' title='bbox 203 553 275 598; x_wconf 91' lang='lat' dir='ltr'><strong>curn</strong></span> <span class='ocrx_word' id='word_1_4' title='bbox 302 532 430 597; x_wconf 79' lang='lat' dir='ltr'>aliunde</span> <span class='ocrx_word' id='word_1_5' title='bbox 459 535 601 617; x_wconf 88' lang='lat' dir='ltr'><strong>constet,</strong></span> <span class='ocrx_word' id='word_1_6' title='bbox 635 513 704 597; x_wconf 80' lang='lat' dir='ltr'><strong>tum</strong></span> <span class='ocrx_word' id='word_1_7' title='bbox 726 533 760 596; x_wconf 89' lang='lat' dir='ltr'><strong>iu</strong></span> <span class='ocrx_word' id='word_1_8' title='bbox 787 533 857 617; x_wconf 90' lang='lat' dir='ltr'><strong>ipso</strong></span> <span class='ocrx_word' id='word_1_9' title='bbox 885 531 1074 598; x_wconf 86' lang='lat' dir='ltr'><strong>Timocratis</strong></span> <span class='ocrx_word' id='word_1_10' title='bbox 1101 534 1232 599; x_wconf 90' lang='lat' dir='ltr'><strong>nomine</strong></span> 
     </span>
     <span class='ocr_line' id='line_1_3' title="bbox 72 639 1233 730; baseline 0.002 -22"><span class='ocrx_word' id='word_1_11' title='bbox 72 646 222 729; x_wconf 90' lang='lat' dir='ltr'><strong>ponatur</strong></span> <span class='ocrx_word' id='word_1_12' title='bbox 242 665 373 709; x_wconf 90' lang='lat' dir='ltr'><strong>necesse</strong></span> <span class='ocrx_word' id='word_1_13' title='bbox 396 646 445 708; x_wconf 90' lang='lat' dir='ltr'><strong>est</strong></span> <span class='ocrx_word' id='word_1_14' title='bbox 465 643 528 708; x_wconf 90' lang='lat' dir='ltr'><strong>hoo</strong></span> <span class='ocrx_word' id='word_1_15' title='bbox 550 643 621 708; x_wconf 91' lang='lat' dir='ltr'><strong>loco</strong></span> <span class='ocrx_word' id='word_1_16' title='bbox 644 639 871 727; x_wconf 73' lang='lat' dir='ltr'><strong>subsequente:</strong></span> <span class='ocrx_word' id='word_1_17' title='bbox 896 647 1058 724; x_wconf 84' lang='grc' dir='ltr'>Μαρτυρεῖ</span> <span class='ocrx_word' id='word_1_18' title='bbox 1080 647 1116 710; x_wconf 78' lang='grc' dir='ltr'><strong>δὲ</strong></span> <span class='ocrx_word' id='word_1_19' title='bbox 1139 644 1233 730; x_wconf 81' lang='grc' dir='ltr'>(Ἐπί-</span> 
     </span>
     <span class='ocr_line' id='line_1_4' title="bbox 73 754 1232 840; baseline -0.003 -20"><span class='ocrx_word' id='word_1_20' title='bbox 73 755 221 839; x_wconf 88' lang='grc' dir='ltr'>κουροτ)</span> <span class='ocrx_word' id='word_1_21' title='bbox 255 757 307 821; x_wconf 87' lang='grc' dir='ltr'><strong>καὶ</strong></span> <span class='ocrx_word' id='word_1_22' title='bbox 333 755 368 822; x_wconf 87' lang='grc' dir='ltr'><strong>ἐν</strong></span> <span class='ocrx_word' id='word_1_23' title='bbox 395 762 442 840; x_wconf 84' lang='grc' dir='ltr'><strong>τῷ</strong></span> <span class='ocrx_word' id='word_1_24' title='bbox 470 754 566 840; x_wconf 82' lang='grc' dir='ltr'>τρίτῳ</span> <span class='ocrx_word' id='word_1_25' title='bbox 593 755 799 836; x_wconf 85' lang='grc' dir='ltr'>ΤιμοκρὰτΕΙ,</span> <span class='ocrx_word' id='word_1_26' title='bbox 834 775 892 837; x_wconf 91' lang='lat' dir='ltr'><strong>pro</strong></span> <span class='ocrx_word' id='word_1_27' title='bbox 921 754 979 818; x_wconf 89' lang='lat' dir='ltr'><strong>illo</strong></span> <span class='ocrx_word' id='word_1_28' title='bbox 1008 754 1085 818; x_wconf 88' lang='lat' dir='ltr'><strong>olim</strong></span> <span class='ocrx_word' id='word_1_29' title='bbox 1113 754 1232 838; x_wconf 91' lang='lat' dir='ltr'><strong>scripto</strong></span> 
     </span>
     <span class='ocr_line' id='line_1_5' title="bbox 74 863 1233 948; baseline -0.003 -17"><span class='ocrx_word' id='word_1_30' title='bbox 74 865 304 946; x_wconf 83' lang='grc' dir='ltr'>ΤιμοκράτΗ(.</span> <span class='ocrx_word' id='word_1_31' title='bbox 349 863 497 930; x_wconf 83' lang='lat' dir='ltr'><strong>Ceterum</strong></span> <span class='ocrx_word' id='word_1_32' title='bbox 524 885 643 928; x_wconf 89' lang='lat' dir='ltr'><strong>nomen</strong></span> <span class='ocrx_word' id='word_1_33' title='bbox 665 864 873 945; x_wconf 86' lang='grc' dir='ltr'>Τιμοκράτεια</span> <span class='ocrx_word' id='word_1_34' title='bbox 901 865 936 928; x_wconf 91' lang='lat' dir='ltr'><strong>in</strong></span> <span class='ocrx_word' id='word_1_35' title='bbox 963 886 1022 938; x_wconf 83' lang='lat' dir='ltr'><strong>usu</strong></span> <span class='ocrx_word' id='word_1_36' title='bbox 1050 864 1165 948; x_wconf 89' lang='lat' dir='ltr'><strong>fuisse,</strong></span> <span class='ocrx_word' id='word_1_37' title='bbox 1195 886 1233 929; x_wconf 86' lang='lat' dir='ltr'><strong>ex</strong></span> 
     </span>
     <span class='ocr_line' id='line_1_6' title="bbox 76 973 1116 1060; baseline -0.002 -20"><span class='ocrx_word' id='word_1_38' title='bbox 76 975 178 1059; x_wconf 82' lang='lat' dir='ltr'><strong>Corp.</strong></span> <span class='ocrx_word' id='word_1_39' title='bbox 193 973 320 1039; x_wconf 75' lang='lat' dir='ltr'><strong>&#39;Inserr</strong></span> <span class='ocrx_word' id='word_1_40' title='bbox 343 996 431 1038; x_wconf 89' lang='lat' dir='ltr'><strong>num.</strong></span> <span class='ocrx_word' id='word_1_41' title='bbox 458 974 549 1038; x_wconf 77' lang='lat'><strong>1062.</strong></span> <span class='ocrx_word' id='word_1_42' title='bbox 575 973 654 1038; x_wconf 85' lang='grc'><strong>1451</strong></span> <span class='ocrx_word' id='word_1_43' title='bbox 680 974 734 1060; x_wconf 84' lang='lat' dir='ltr'><strong>(cf.</strong></span> <span class='ocrx_word' id='word_1_44' title='bbox 758 974 810 1042; x_wconf 85' lang='grc'><strong>95.</strong></span> <span class='ocrx_word' id='word_1_45' title='bbox 835 973 931 1058; x_wconf 83' lang='grc'><strong>1454)</strong></span> <span class='ocrx_word' id='word_1_46' title='bbox 955 973 1116 1038; x_wconf 80' lang='lat' dir='ltr'><strong>discimus.</strong></span> 
     </span>
    </p>

    <p class='ocr_par' dir='ltr' id='par_1_3' title="bbox 75 1082 1233 1281">
     <span class='ocr_line' id='line_1_7' title="bbox 168 1082 1233 1168; baseline -0.002 -18"><span class='ocrx_word' id='word_1_47' title='bbox 168 1085 298 1168; x_wconf 85' lang='lat' dir='ltr'><strong>Restat,</strong></span> <span class='ocrx_word' id='word_1_48' title='bbox 326 1088 363 1148; x_wconf 90' lang='lat' dir='ltr'><strong>ut</strong></span> <span class='ocrx_word' id='word_1_49' title='bbox 390 1083 650 1148; x_wconf 87' lang='lat' dir='ltr'><strong>obscurissimum</strong></span> <span class='ocrx_word' id='word_1_50' title='bbox 673 1082 810 1150; x_wconf 80' lang='lat' dir='ltr'><strong>Sandem</strong></span> <span class='ocrx_word' id='word_1_51' title='bbox 837 1083 1005 1167; x_wconf 88' lang='lat' dir='ltr'><strong>tollamus,</strong></span> <span class='ocrx_word' id='word_1_52' title='bbox 1034 1105 1129 1168; x_wconf 91' lang='lat' dir='ltr'><strong>quem</strong></span> <span class='ocrx_word' id='word_1_53' title='bbox 1157 1084 1233 1148; x_wconf 89' lang='lat' dir='ltr'><strong>ferri</strong></span> 
     </span>
     <span class='ocr_line' id='line_1_8' title="bbox 75 1193 667 1281; baseline -0.003 -20"><span class='ocrx_word' id='word_1_54' title='bbox 75 1219 148 1261; x_wconf 90' lang='lat' dir='ltr'><strong>non</strong></span> <span class='ocrx_word' id='word_1_55' title='bbox 171 1217 267 1281; x_wconf 91' lang='lat' dir='ltr'><strong>posse</strong></span> <span class='ocrx_word' id='word_1_56' title='bbox 284 1195 354 1280; x_wconf 90' lang='lat' dir='ltr'><strong>jam</strong></span> <span class='ocrx_word' id='word_1_57' title='bbox 376 1193 667 1260; x_wconf 74' lang='lat' dir='ltr'><strong>animadvertimus.</strong></span> 
     </span>
    </p>

    <p class='ocr_par' dir='ltr' id='par_1_4' title="bbox 77 1304 1247 2384">
     <span class='ocr_line' id='line_1_9' title="bbox 168 1304 1233 1390; baseline -0.002 -18"><span class='ocrx_word' id='word_1_58' title='bbox 168 1305 328 1390; x_wconf 77' lang='lat' dir='ltr'><strong>Equidem</strong></span> <span class='ocrx_word' id='word_1_59' title='bbox 354 1305 416 1370; x_wconf 90' lang='lat' dir='ltr'><strong>hoo</strong></span> <span class='ocrx_word' id='word_1_60' title='bbox 443 1326 563 1369; x_wconf 89' lang='lat' dir='ltr'><strong>nomen</strong></span> <span class='ocrx_word' id='word_1_61' title='bbox 591 1304 728 1368; x_wconf 81' lang='lat' dir='ltr'><strong>arbitror</strong></span> <span class='ocrx_word' id='word_1_62' title='bbox 756 1327 794 1368; x_wconf 86' lang='lat' dir='ltr'><strong>ex</strong></span> <span class='ocrx_word' id='word_1_63' title='bbox 823 1304 985 1372; x_wconf 85' lang='lat' dir='ltr'><strong>vocabulis</strong></span> <span class='ocrx_word' id='word_1_64' title='bbox 1012 1307 1124 1370; x_wconf 87' lang='lat' dir='ltr'><strong>natum</strong></span> <span class='ocrx_word' id='word_1_65' title='bbox 1154 1327 1233 1388; x_wconf 88' lang='lat' dir='ltr'><strong>esse,</strong></span> 
     </span>
     <span class='ocr_line' id='line_1_10' title="bbox 77 1413 1234 1502; baseline -0.003 -20"><span class='ocrx_word' id='word_1_66' title='bbox 77 1417 198 1502; x_wconf 90' lang='lat' dir='ltr'><strong>quibus</strong></span> <span class='ocrx_word' id='word_1_67' title='bbox 231 1415 394 1502; x_wconf 85' lang='lat' dir='ltr'><strong>Diogenes</strong></span> <span class='ocrx_word' id='word_1_68' title='bbox 421 1415 639 1479; x_wconf 88' lang='lat' dir='ltr'><strong>Metrodorum</strong></span> <span class='ocrx_word' id='word_1_69' title='bbox 674 1415 773 1479; x_wconf 88' lang='lat' dir='ltr'><strong>fuisse</strong></span> <span class='ocrx_word' id='word_1_70' title='bbox 800 1413 1051 1498; x_wconf 75' lang='lat' dir='ltr'><strong>Lampsacenum</strong></span> <span class='ocrx_word' id='word_1_71' title='bbox 1086 1436 1234 1498; x_wconf 82' lang='lat' dir='ltr'><strong>expresse</strong></span> 
     </span>
     <span class='ocr_line' id='line_1_11' title="bbox 80 1523 1235 1611; baseline -0.003 -19"><span class='ocrx_word' id='word_1_72' title='bbox 80 1529 224 1611; x_wconf 84' lang='lat' dir='ltr'><strong>dixerat,</strong></span> <span class='ocrx_word' id='word_1_73' title='bbox 260 1527 378 1610; x_wconf 87' lang='lat' dir='ltr'><strong>quippe</strong></span> <span class='ocrx_word' id='word_1_74' title='bbox 408 1525 459 1590; x_wconf 92' lang='lat' dir='ltr'><strong>cui</strong></span> <span class='ocrx_word' id='word_1_75' title='bbox 486 1527 618 1608; x_wconf 88' lang='lat' dir='ltr'><strong>excepto</strong></span> <span class='ocrx_word' id='word_1_76' title='bbox 648 1523 846 1589; x_wconf 81' lang='lat' dir='ltr'><strong>Hermarcho</strong></span> <span class='ocrx_word' id='word_1_77' title='bbox 875 1525 1071 1608; x_wconf 87' lang='lat' dir='ltr'><strong>Mitylenaeo</strong></span> <span class='ocrx_word' id='word_1_78' title='bbox 1098 1528 1235 1610; x_wconf 89' lang='lat' dir='ltr'><strong>quatuor</strong></span> 
     </span>
     <span class='ocr_line' id='line_1_12' title="bbox 81 1629 1247 1723; baseline -0.003 -21"><span class='ocrx_word' id='word_1_79' title='bbox 81 1638 254 1723; x_wconf 82' lang='lat' dir='ltr'><strong>(quinque)</strong></span> <span class='ocrx_word' id='word_1_80' title='bbox 272 1637 353 1701; x_wconf 91' lang='lat' dir='ltr'><strong>serie</strong></span> <span class='ocrx_word' id='word_1_81' title='bbox 368 1636 520 1700; x_wconf 85' lang='lat' dir='ltr'><strong>continua</strong></span> <span class='ocrx_word' id='word_1_82' title='bbox 535 1633 709 1700; x_wconf 82' lang='lat' dir='ltr'><strong>addidisset</strong></span> <span class='ocrx_word' id='word_1_83' title='bbox 723 1634 966 1718; x_wconf 88' lang='lat' dir='ltr'><strong>Lampsacenos.</strong></span> <span class='ocrx_word' id='word_1_84' title='bbox 1003 1634 1150 1719; x_wconf 88' lang='lat' dir='ltr'><strong>Namque</strong></span> <span class='ocrx_word' id='word_1_85' title='bbox 1164 1629 1247 1719; x_wconf 73' lang='lat' dir='ltr'><strong>per-&#39;</strong></span> 
     </span>
     <span class='ocr_line' id='line_1_13' title="bbox 80 1745 1235 1833; baseline -0.001 -21"><span class='ocrx_word' id='word_1_86' title='bbox 80 1749 133 1833; x_wconf 80' lang='lat' dir='ltr'><strong>git</strong></span> <span class='ocrx_word' id='word_1_87' title='bbox 155 1749 196 1829; x_wconf 86' lang='grc' dir='ltr'><strong>ἦν</strong></span> <span class='ocrx_word' id='word_1_88' title='bbox 218 1750 271 1814; x_wconf 85' lang='grc' dir='ltr'><strong>καὶ</strong></span> <span class='ocrx_word' id='word_1_89' title='bbox 293 1749 344 1833; x_wconf 90' lang='lat' dir='ltr'><strong>(ut</strong></span> <span class='ocrx_word' id='word_1_90' title='bbox 357 1750 437 1812; x_wconf 87' lang='lat' dir='ltr'><strong>&#39;cum</strong></span> <span class='ocrx_word' id='word_1_91' title='bbox 454 1745 575 1811; x_wconf 87' lang='lat' dir='ltr'><strong>Cobeto</strong></span> <span class='ocrx_word' id='word_1_92' title='bbox 598 1767 751 1830; x_wconf 87' lang='lat' dir='ltr'><strong>reponam</strong></span> <span class='ocrx_word' id='word_1_93' title='bbox 772 1767 831 1829; x_wconf 94' lang='lat' dir='ltr'><strong>pro</strong></span> <span class='ocrx_word' id='word_1_94' title='bbox 851 1747 892 1827; x_wconf 87' lang='grc' dir='ltr'><strong>ἢν</strong></span> <span class='ocrx_word' id='word_1_95' title='bbox 912 1746 961 1832; x_wconf 82' lang='grc' dir='ltr'><strong>δὲ)</strong></span> <span class='ocrx_word' id='word_1_96' title='bbox 985 1747 1170 1813; x_wconf 81' lang='grc' dir='ltr'>Πολύαινοτ</span> <span class='ocrx_word' id='word_1_97' title='bbox 1192 1783 1235 1794; x_wconf 93' lang='grc'>-</span> 
     </span>
     <span class='ocr_line' id='line_1_14' title="bbox 81 1855 1234 1942; baseline -0.004 -17"><span class='ocrx_word' id='word_1_98' title='bbox 81 1860 317 1942; x_wconf 83' lang='grc' dir='ltr'>Λαμψακηνότ,</span> <span class='ocrx_word' id='word_1_99' title='bbox 338 1860 408 1920; x_wconf 85' lang='lat' dir='ltr'><strong>tum</strong></span> <span class='ocrx_word' id='word_1_100' title='bbox 422 1858 579 1924; x_wconf 87' lang='grc' dir='ltr'>Λεοντεύτ</span> <span class='ocrx_word' id='word_1_101' title='bbox 593 1877 628 1922; x_wconf 90' lang='grc' dir='ltr'><strong>τε</strong></span> <span class='ocrx_word' id='word_1_102' title='bbox 643 1855 859 1938; x_wconf 87' lang='grc' dir='ltr'>Λαμψακηνότ</span> <span class='ocrx_word' id='word_1_103' title='bbox 881 1857 1002 1938; x_wconf 85' lang='grc' dir='ltr'>ὁμοίωτ</span> <span class='ocrx_word' id='word_1_104' title='bbox 1021 1857 1072 1922; x_wconf 89' lang='grc' dir='ltr'><strong>καὶ</strong></span> <span class='ocrx_word' id='word_1_105' title='bbox 1087 1857 1234 1938; x_wconf 83' lang='grc' dir='ltr'>θέμιττα,</span> 
     </span>
     <span class='ocr_line' id='line_1_15' title="bbox 77 1966 1233 2052; baseline -0.003 -19"><span class='ocrx_word' id='word_1_106' title='bbox 77 1969 200 2034; x_wconf 68' lang='lat' dir='ltr'><strong>‘deinde</strong></span> <span class='ocrx_word' id='word_1_107' title='bbox 222 1970 270 2036; x_wconf 80' lang='grc' dir='ltr'><strong>ἔτι</strong></span> <span class='ocrx_word' id='word_1_108' title='bbox 289 1989 324 2034; x_wconf 89' lang='grc' dir='ltr'><strong>τε</strong></span> <span class='ocrx_word' id='word_1_109' title='bbox 341 1967 490 2048; x_wconf 68' lang='grc' dir='ltr'>Κολώτης</span> <span class='ocrx_word' id='word_1_110' title='bbox 512 1969 564 2032; x_wconf 84' lang='grc' dir='ltr'><strong>καὶ</strong></span> <span class='ocrx_word' id='word_1_111' title='bbox 585 1968 776 2052; x_wconf 70' lang='grc' dir='ltr'>Ἰδομενεὺς,</span> <span class='ocrx_word' id='word_1_112' title='bbox 799 1969 862 2033; x_wconf 89' lang='grc' dir='ltr'><strong>καὶ</strong></span> <span class='ocrx_word' id='word_1_113' title='bbox 883 1967 998 2032; x_wconf 85' lang='grc' dir='ltr'>αὐτοὶ</span> <span class='ocrx_word' id='word_1_114' title='bbox 1013 1966 1233 2048; x_wconf 85' lang='grc' dir='ltr'>Λαμψακηνοί.</span> 
     </span>
     <span class='ocr_line' id='line_1_16' title="bbox 83 2075 1234 2163; baseline -0.005 -19"><span class='ocrx_word' id='word_1_115' title='bbox 83 2081 196 2163; x_wconf 90' lang='lat' dir='ltr'><strong>Itaque</strong></span> <span class='ocrx_word' id='word_1_116' title='bbox 210 2099 269 2162; x_wconf 92' lang='lat' dir='ltr'><strong>pro</strong></span> <span class='ocrx_word' id='word_1_117' title='bbox 286 2078 450 2144; x_wconf 81' lang='grc' dir='ltr'>(ΑΝΔΗΝ</span> <span class='ocrx_word' id='word_1_118' title='bbox 475 2076 585 2140; x_wconf 86' lang='lat' dir='ltr'><strong>malim</strong></span> <span class='ocrx_word' id='word_1_119' title='bbox 605 2077 684 2143; x_wconf 92' lang='grc' dir='ltr'><strong>ΤΟΝ</strong></span> <span class='ocrx_word' id='word_1_120' title='bbox 708 2078 768 2144; x_wconf 94' lang='grc' dir='ltr'><strong>ΔΗ</strong></span> <span class='ocrx_word' id='word_1_121' title='bbox 792 2077 842 2142; x_wconf 85' lang='lat' dir='ltr'><strong>vel</strong></span> <span class='ocrx_word' id='word_1_122' title='bbox 857 2076 960 2141; x_wconf 90' lang='lat' dir='ltr'><strong>simile</strong></span> <span class='ocrx_word' id='word_1_123' title='bbox 976 2075 1051 2160; x_wconf 90' lang='lat' dir='ltr'><strong>quid</strong></span> <span class='ocrx_word' id='word_1_124' title='bbox 1074 2075 1234 2160; x_wconf 89' lang='lat' dir='ltr'><strong>substitui,</strong></span> 
     </span>
     <span class='ocr_line' id='line_1_17' title="bbox 84 2186 1233 2274; baseline -0.003 -19"><span class='ocrx_word' id='word_1_125' title='bbox 84 2189 171 2274; x_wconf 88' lang='lat' dir='ltr'><strong>quod</strong></span> <span class='ocrx_word' id='word_1_126' title='bbox 186 2188 364 2273; x_wconf 85' lang='lat' dir='ltr'><strong>significet:</strong></span> <span class='ocrx_word' id='word_1_127' title='bbox 388 2187 606 2252; x_wconf 86' lang='lat' dir='ltr'><strong>Metrodorum</strong></span> <span class='ocrx_word' id='word_1_128' title='bbox 628 2189 723 2270; x_wconf 90' lang='lat' dir='ltr'><strong>atque</strong></span> <span class='ocrx_word' id='word_1_129' title='bbox 742 2209 814 2252; x_wconf 90' lang='lat' dir='ltr'><strong>eum</strong></span> <span class='ocrx_word' id='word_1_130' title='bbox 829 2186 957 2271; x_wconf 91' lang='lat' dir='ltr'><strong>quidem</strong></span> <span class='ocrx_word' id='word_1_131' title='bbox 972 2186 1233 2271; x_wconf 74' lang='lat' dir='ltr'><strong>Lampsacenum.</strong></span> 
     </span>
     <span class='ocr_line' id='line_1_18' title="bbox 85 2297 1173 2384; baseline -0.012 -18"><span class='ocrx_word' id='word_1_132' title='bbox 85 2299 148 2366; x_wconf 86' lang='lat' dir='ltr'><strong>Sed</strong></span> <span class='ocrx_word' id='word_1_133' title='bbox 169 2299 250 2363; x_wconf 88' lang='lat' dir='ltr'><strong>haec</strong></span> <span class='ocrx_word' id='word_1_134' title='bbox 271 2297 435 2362; x_wconf 89' lang='lat' dir='ltr'><strong>hactenus.</strong></span> <span class='ocrx_word' id='word_1_135' title='bbox 1170 2377 1173 2384; x_wconf 25' lang='grc' dir='ltr'>Ι</span> 
     </span>
    </p>

    <p class='ocr_par' dir='ltr' id='par_1_5' title="bbox 86 2407 1269 3908">
     <span class='ocr_line' id='line_1_19' title="bbox 170 2407 1269 2492; baseline -0.001 -19"><span class='ocrx_word' id='word_1_136' title='bbox 170 2408 390 2473; x_wconf 90' lang='lat' dir='ltr'><strong>Metrodorum</strong></span> <span class='ocrx_word' id='word_1_137' title='bbox 413 2408 510 2472; x_wconf 87' lang='lat' dir='ltr'><strong>fratrc</strong></span> <span class='ocrx_word' id='word_1_138' title='bbox 532 2429 625 2472; x_wconf 92' lang='lat' dir='ltr'><strong>usum</strong></span> <span class='ocrx_word' id='word_1_139' title='bbox 653 2429 722 2472; x_wconf 90' lang='lat' dir='ltr'><strong>esse</strong></span> <span class='ocrx_word' id='word_1_140' title='bbox 744 2430 778 2472; x_wconf 90' lang='lat' dir='ltr'><strong>se</strong></span> <span class='ocrx_word' id='word_1_141' title='bbox 800 2408 870 2492; x_wconf 92' lang='lat' dir='ltr'><strong>ipso</strong></span> <span class='ocrx_word' id='word_1_142' title='bbox 893 2407 1136 2491; x_wconf 81' lang='lat' dir='ltr'><strong>Timocrateque</strong></span> <span class='ocrx_word' id='word_1_143' title='bbox 1158 2409 1236 2472; x_wconf 88' lang='lat' dir='ltr'><strong>natu</strong></span> <span class='ocrx_word' id='word_1_144' title='bbox 1267 2427 1269 2432; x_wconf 78' lang='grc'>’</span> 
     </span>
     <span class='ocr_line' id='line_1_20' title="bbox 86 2516 1234 2605; baseline -0.003 -20"><span class='ocrx_word' id='word_1_145' title='bbox 86 2522 223 2605; x_wconf 86' lang='lat' dir='ltr'><strong>majore,</strong></span> <span class='ocrx_word' id='word_1_146' title='bbox 247 2541 264 2584; x_wconf 94' lang='lat' dir='ltr'><strong>e</strong></span> <span class='ocrx_word' id='word_1_147' title='bbox 286 2519 358 2583; x_wconf 90' lang='lat' dir='ltr'><strong>loeo</strong></span> <span class='ocrx_word' id='word_1_148' title='bbox 373 2518 552 2582; x_wconf 83' lang='lat' dir='ltr'><strong>Philodami</strong></span> <span class='ocrx_word' id='word_1_149' title='bbox 575 2518 629 2604; x_wconf 80' lang='lat' dir='ltr'><strong>(de</strong></span> <span class='ocrx_word' id='word_1_150' title='bbox 650 2519 697 2584; x_wconf 91' lang='lat' dir='ltr'><strong>ira</strong></span> <span class='ocrx_word' id='word_1_151' title='bbox 720 2517 768 2582; x_wconf 89' lang='lat' dir='ltr'><strong>ed.</strong></span> <span class='ocrx_word' id='word_1_152' title='bbox 785 2518 952 2602; x_wconf 85' lang='lat' dir='ltr'><strong>Gomperz.</strong></span> <span class='ocrx_word' id='word_1_153' title='bbox 975 2540 1049 2603; x_wconf 86' lang='lat' dir='ltr'><strong>pag.</strong></span> <span class='ocrx_word' id='word_1_154' title='bbox 1064 2519 1116 2601; x_wconf 79' lang='lat'><strong>49,</strong></span> <span class='ocrx_word' id='word_1_155' title='bbox 1141 2516 1175 2582; x_wconf 76' lang='lat' dir='ltr'><strong>G.</strong></span> <span class='ocrx_word' id='word_1_156' title='bbox 1193 2517 1234 2582; x_wconf 89' lang='lat' dir='ltr'><strong>A.</strong></span> 
     </span>
     <span class='ocr_line' id='line_1_21' title="bbox 86 2627 1235 2714; baseline -0.003 -18"><span class='ocrx_word' id='word_1_157' title='bbox 86 2633 111 2714; x_wconf 88' lang='lat' dir='ltr'><strong>I,</strong></span> <span class='ocrx_word' id='word_1_158' title='bbox 133 2631 199 2696; x_wconf 87' lang='lat' dir='ltr'><strong>tab.</strong></span> <span class='ocrx_word' id='word_1_159' title='bbox 215 2629 266 2694; x_wconf 86' lang='lat'><strong>35.</strong></span> <span class='ocrx_word' id='word_1_160' title='bbox 291 2629 350 2696; x_wconf 84' lang='lat' dir='ltr'><strong>Ox.</strong></span> <span class='ocrx_word' id='word_1_161' title='bbox 366 2627 391 2712; x_wconf 91' lang='lat' dir='ltr'><strong>I,</strong></span> <span class='ocrx_word' id='word_1_162' title='bbox 407 2627 464 2714; x_wconf 87' lang='grc'><strong>45)</strong></span> <span class='ocrx_word' id='word_1_163' title='bbox 488 2631 634 2713; x_wconf 88' lang='lat' dir='ltr'><strong>apparet,</strong></span> <span class='ocrx_word' id='word_1_164' title='bbox 656 2628 712 2693; x_wconf 91' lang='lat' dir='ltr'><strong>ubi</strong></span> <span class='ocrx_word' id='word_1_165' title='bbox 734 2632 861 2694; x_wconf 87' lang='lat' dir='ltr'><strong>exstant</strong></span> <span class='ocrx_word' id='word_1_166' title='bbox 881 2628 1013 2694; x_wconf 88' lang='lat' dir='ltr'><strong>haecce:</strong></span> <span class='ocrx_word' id='word_1_167' title='bbox 1045 2631 1090 2696; x_wconf 74' lang='lat' dir='ltr'><strong>dic</strong></span> <span class='ocrx_word' id='word_1_168' title='bbox 1112 2631 1163 2694; x_wconf 86' lang='grc' dir='ltr'><strong>καὶ</strong></span> <span class='ocrx_word' id='word_1_169' title='bbox 1185 2628 1235 2694; x_wconf 89' lang='grc' dir='ltr'><strong>Τι-</strong></span> 
     </span>
     <span class='ocr_line' id='line_1_22' title="bbox 87 2738 1235 2826; baseline -0.003 -18"><span class='ocrx_word' id='word_1_170' title='bbox 87 2742 249 2822; x_wconf 85' lang='grc' dir='ltr'>μοκράτην</span> <span class='ocrx_word' id='word_1_171' title='bbox 277 2741 373 2822; x_wconf 84' lang='grc' dir='ltr'>φητὶν</span> <span class='ocrx_word' id='word_1_172' title='bbox 400 2740 419 2806; x_wconf 88' lang='grc' dir='ltr'>ὁ</span> <span class='ocrx_word' id='word_1_173' title='bbox 443 2741 664 2826; x_wconf 82' lang='grc' dir='ltr'>Μητρόδωροτ</span> <span class='ocrx_word' id='word_1_174' title='bbox 691 2747 737 2824; x_wconf 83' lang='grc' dir='ltr'><strong>τῷ</strong></span> <span class='ocrx_word' id='word_1_175' title='bbox 759 2741 965 2824; x_wconf 85' lang='grc' dir='ltr'>πρετβυτάτιρ</span> <span class='ocrx_word' id='word_1_176' title='bbox 987 2747 1054 2806; x_wconf 83' lang='grc' dir='ltr'><strong>τῶν</strong></span> <span class='ocrx_word' id='word_1_177' title='bbox 1082 2738 1235 2820; x_wconf 84' lang='grc' dir='ltr'>ἀδελφῶν</span> 
     </span>
     <span class='ocr_line' id='line_1_23' title="bbox 87 2848 1234 2934; baseline -0.006 -16"><span class='ocrx_word' id='word_1_178' title='bbox 87 2852 312 2933; x_wconf 88' lang='grc' dir='ltr'>Α.ΤΟΡΙΔΗΙ,</span> <span class='ocrx_word' id='word_1_179' title='bbox 346 2848 432 2933; x_wconf 90' lang='lat' dir='ltr'><strong>quod</strong></span> <span class='ocrx_word' id='word_1_180' title='bbox 454 2850 623 2934; x_wconf 82' lang='grc' dir='ltr'>ΑΚΤορίδῃ</span> <span class='ocrx_word' id='word_1_181' title='bbox 652 2870 722 2914; x_wconf 89' lang='lat' dir='ltr'><strong>esse</strong></span> <span class='ocrx_word' id='word_1_182' title='bbox 750 2871 823 2914; x_wconf 88' lang='lat' dir='ltr'><strong>cum</strong></span> <span class='ocrx_word' id='word_1_183' title='bbox 852 2848 1024 2934; x_wconf 79' lang='lat' dir='ltr'><strong>Spengelio</strong></span> <span class='ocrx_word' id='word_1_184' title='bbox 1054 2848 1234 2933; x_wconf 86' lang='lat' dir='ltr'><strong>(Philolog.</strong></span> 
     </span>
     <span class='ocr_line' id='line_1_24' title="bbox 88 2957 1235 3046; baseline -0.003 -21"><span class='ocrx_word' id='word_1_185' title='bbox 88 2964 108 3026; x_wconf 90' lang='lat' dir='ltr'><strong>l.</strong></span> <span class='ocrx_word' id='word_1_186' title='bbox 124 2984 150 3026; x_wconf 89' lang='lat' dir='ltr'><strong>o.</strong></span> <span class='ocrx_word' id='word_1_187' title='bbox 167 2981 240 3046; x_wconf 79' lang='lat' dir='ltr'><strong>pag.</strong></span> <span class='ocrx_word' id='word_1_188' title='bbox 256 2959 335 3044; x_wconf 81' lang='lat'>502)</span> <span class='ocrx_word' id='word_1_189' title='bbox 359 2962 391 3024; x_wconf 88' lang='lat' dir='ltr'><strong>et</strong></span> <span class='ocrx_word' id='word_1_190' title='bbox 405 2957 600 3023; x_wconf 89' lang='lat' dir='ltr'><strong>Buechelero</strong></span> <span class='ocrx_word' id='word_1_191' title='bbox 625 2958 825 3044; x_wconf 86' lang='lat' dir='ltr'><strong>(Zeitschrist</strong></span> <span class='ocrx_word' id='word_1_192' title='bbox 839 2957 891 3024; x_wconf 74' lang='lat' dir='ltr'><strong>mr</strong></span> <span class='ocrx_word' id='word_1_193' title='bbox 905 2959 936 3025; x_wconf 90' lang='lat' dir='ltr'><strong>d.</strong></span> <span class='ocrx_word' id='word_1_194' title='bbox 953 2962 1063 3024; x_wconf 75' lang='lat' dir='ltr'><strong>tsterr.</strong></span> <span class='ocrx_word' id='word_1_195' title='bbox 1082 2957 1235 3042; x_wconf 84' lang='lat' dir='ltr'><strong>Gymnas.</strong></span> 
     </span>
     <span class='ocr_line' id='line_1_25' title="bbox 89 3067 1236 3156; baseline -0.002 -22"><span class='ocrx_word' id='word_1_196' title='bbox 89 3095 118 3156; x_wconf 86' lang='lat' dir='ltr'><strong>p.</strong></span> <span class='ocrx_word' id='word_1_197' title='bbox 133 3071 193 3136; x_wconf 86' lang='grc'><strong>581</strong></span> <span class='ocrx_word' id='word_1_198' title='bbox 212 3092 291 3153; x_wconf 84' lang='lat' dir='ltr'><strong>seq,</strong></span> <span class='ocrx_word' id='word_1_199' title='bbox 316 3072 540 3153; x_wconf 84' lang='lat' dir='ltr'><strong>argumentum</strong></span> <span class='ocrx_word' id='word_1_200' title='bbox 563 3069 624 3134; x_wconf 92' lang='lat' dir='ltr'><strong>col.</strong></span> <span class='ocrx_word' id='word_1_201' title='bbox 640 3067 718 3155; x_wconf 79' lang='lat' dir='ltr'>XII)</span> <span class='ocrx_word' id='word_1_202' title='bbox 742 3070 975 3152; x_wconf 84' lang='lat' dir='ltr'><strong>consentimus,</strong></span> <span class='ocrx_word' id='word_1_203' title='bbox 997 3069 1074 3134; x_wconf 91' lang='lat' dir='ltr'><strong>licet</strong></span> <span class='ocrx_word' id='word_1_204' title='bbox 1095 3068 1158 3133; x_wconf 92' lang='lat' dir='ltr'><strong>hoc</strong></span> <span class='ocrx_word' id='word_1_205' title='bbox 1179 3089 1236 3132; x_wconf 90' lang='lat' dir='ltr'><strong>no-</strong></span> 
     </span>
     <span class='ocr_line' id='line_1_26' title="bbox 89 3177 1237 3264; baseline -0.005 -17"><span class='ocrx_word' id='word_1_206' title='bbox 89 3204 162 3247; x_wconf 89' lang='lat' dir='ltr'><strong>men</strong></span> <span class='ocrx_word' id='word_1_207' title='bbox 183 3201 341 3264; x_wconf 86' lang='lat' dir='ltr'><strong>nusquam</strong></span> <span class='ocrx_word' id='word_1_208' title='bbox 364 3179 441 3243; x_wconf 87' lang='lat' dir='ltr'><strong>alibi</strong></span> <span class='ocrx_word' id='word_1_209' title='bbox 464 3183 619 3245; x_wconf 85' lang='lat' dir='ltr'><strong>occurrat.</strong></span> <span class='ocrx_word' id='word_1_210' title='bbox 658 3179 821 3263; x_wconf 84' lang='lat' dir='ltr'><strong>Sororem,</strong></span> <span class='ocrx_word' id='word_1_211' title='bbox 844 3179 895 3243; x_wconf 92' lang='lat' dir='ltr'><strong>cui</strong></span> <span class='ocrx_word' id='word_1_212' title='bbox 909 3201 1028 3244; x_wconf 91' lang='lat' dir='ltr'><strong>nomen</strong></span> <span class='ocrx_word' id='word_1_213' title='bbox 1046 3181 1114 3243; x_wconf 87' lang='lat' dir='ltr'><strong>erat</strong></span> <span class='ocrx_word' id='word_1_214' title='bbox 1129 3177 1237 3242; x_wconf 84' lang='lat' dir='ltr'><strong>Batidi</strong></span> 
     </span>
     <span class='ocr_line' id='line_1_27' title="bbox 91 3287 1237 3378; baseline -0.003 -22"><span class='ocrx_word' id='word_1_215' title='bbox 91 3291 204 3378; x_wconf 81' lang='lat' dir='ltr'><strong>(Diog.</strong></span> <span class='ocrx_word' id='word_1_216' title='bbox 228 3290 334 3355; x_wconf 85' lang='lat' dir='ltr'><strong>Laert.</strong></span> <span class='ocrx_word' id='word_1_217' title='bbox 358 3289 404 3374; x_wconf 89' lang='lat' dir='ltr'><strong>X,</strong></span> <span class='ocrx_word' id='word_1_218' title='bbox 420 3290 509 3376; x_wconf 77' lang='grc' dir='ltr'><strong>Ι23),</strong></span> <span class='ocrx_word' id='word_1_219' title='bbox 547 3289 719 3355; x_wconf 87' lang='lat' dir='ltr'><strong>Idomeneo</strong></span> <span class='ocrx_word' id='word_1_220' title='bbox 748 3289 907 3374; x_wconf 81' lang='lat' dir='ltr'><strong>Epicureo</strong></span> <span class='ocrx_word' id='word_1_221' title='bbox 934 3289 969 3352; x_wconf 92' lang='lat' dir='ltr'><strong>in</strong></span> <span class='ocrx_word' id='word_1_222' title='bbox 996 3287 1237 3352; x_wconf 89' lang='lat' dir='ltr'><strong>matrimonium</strong></span> 
     </span>
     <span class='ocr_line' id='line_1_28' title="bbox 91 3397 1237 3486; baseline -0.004 -20"><span class='ocrx_word' id='word_1_223' title='bbox 91 3403 189 3485; x_wconf 85' lang='lat' dir='ltr'><strong>dedit,</strong></span> <span class='ocrx_word' id='word_1_224' title='bbox 217 3400 320 3465; x_wconf 90' lang='lat' dir='ltr'><strong>nobili</strong></span> <span class='ocrx_word' id='word_1_225' title='bbox 347 3401 396 3466; x_wconf 93' lang='lat' dir='ltr'><strong>illi</strong></span> <span class='ocrx_word' id='word_1_226' title='bbox 424 3400 554 3486; x_wconf 89' lang='lat' dir='ltr'><strong>quidem</strong></span> <span class='ocrx_word' id='word_1_227' title='bbox 582 3399 644 3465; x_wconf 83' lang='lat' dir='ltr'><strong>civi</strong></span> <span class='ocrx_word' id='word_1_228' title='bbox 665 3397 884 3484; x_wconf 85' lang='lat' dir='ltr'><strong>Lampsaceno</strong></span> <span class='ocrx_word' id='word_1_229' title='bbox 913 3398 1004 3484; x_wconf 80' lang='lat' dir='ltr'><strong>(ibid.</strong></span> <span class='ocrx_word' id='word_1_230' title='bbox 1029 3399 1123 3482; x_wconf 80' lang='lat'><strong>§25,</strong></span> <span class='ocrx_word' id='word_1_231' title='bbox 1152 3397 1237 3481; x_wconf 87' lang='lat' dir='ltr'><strong>qnod</strong></span> 
     </span>
     <span class='ocr_line' id='line_1_29' title="bbox 92 3508 1238 3596; baseline -0.003 -20"><span class='ocrx_word' id='word_1_232' title='bbox 92 3510 264 3576; x_wconf 87' lang='lat' dir='ltr'><strong>Metrodori</strong></span> <span class='ocrx_word' id='word_1_233' title='bbox 285 3511 408 3594; x_wconf 87' lang='lat' dir='ltr'><strong>patriae</strong></span> <span class='ocrx_word' id='word_1_234' title='bbox 431 3511 512 3575; x_wconf 92' lang='lat' dir='ltr'><strong>bene</strong></span> <span class='ocrx_word' id='word_1_235' title='bbox 534 3510 714 3596; x_wconf 87' lang='lat' dir='ltr'><strong>convenit),</strong></span> <span class='ocrx_word' id='word_1_236' title='bbox 743 3512 837 3593; x_wconf 88' lang='lat' dir='ltr'><strong>atquc</strong></span> <span class='ocrx_word' id='word_1_237' title='bbox 859 3508 1066 3574; x_wconf 87' lang='lat' dir='ltr'><strong>historiarum</strong></span> <span class='ocrx_word' id='word_1_238' title='bbox 1088 3508 1238 3592; x_wconf 89' lang='lat' dir='ltr'><strong>scriptori</strong></span> 
     </span>
     <span class='ocr_line' id='line_1_30' title="bbox 94 3618 1237 3707; baseline -0.004 -21"><span class='ocrx_word' id='word_1_239' title='bbox 94 3622 172 3707; x_wconf 87' lang='lat' dir='ltr'><strong>(vid.</strong></span> <span class='ocrx_word' id='word_1_240' title='bbox 200 3619 349 3705; x_wconf 85' lang='lat' dir='ltr'><strong>fragmm.</strong></span> <span class='ocrx_word' id='word_1_241' title='bbox 379 3620 463 3706; x_wconf 88' lang='lat' dir='ltr'><strong>apud</strong></span> <span class='ocrx_word' id='word_1_242' title='bbox 485 3620 657 3685; x_wconf 79' lang='lat' dir='ltr'><strong>Mr‘illerum</strong></span> <span class='ocrx_word' id='word_1_243' title='bbox 685 3619 835 3706; x_wconf 76' lang='lat' dir='ltr'><strong>fragmm.</strong></span> <span class='ocrx_word' id='word_1_244' title='bbox 863 3619 938 3684; x_wconf 90' lang='lat' dir='ltr'><strong>hist.</strong></span> <span class='ocrx_word' id='word_1_245' title='bbox 966 3642 1071 3706; x_wconf 81' lang='lat' dir='ltr'><strong>graec.</strong></span> <span class='ocrx_word' id='word_1_246' title='bbox 1099 3618 1169 3702; x_wconf 79' lang='lat' dir='ltr'><strong>II),</strong></span> <span class='ocrx_word' id='word_1_247' title='bbox 1199 3618 1237 3682; x_wconf 93' lang='lat' dir='ltr'><strong>de</strong></span> 
     </span>
     <span class='ocr_line' id='line_1_31' title="bbox 93 3727 1236 3816; baseline -0.003 -20"><span class='ocrx_word' id='word_1_248' title='bbox 93 3734 177 3816; x_wconf 88' lang='lat' dir='ltr'><strong>eujus</strong></span> <span class='ocrx_word' id='word_1_249' title='bbox 192 3731 260 3795; x_wconf 80' lang='lat' dir='ltr'><strong>vita</strong></span> <span class='ocrx_word' id='word_1_250' title='bbox 275 3734 308 3795; x_wconf 89' lang='lat' dir='ltr'><strong>et</strong></span> <span class='ocrx_word' id='word_1_251' title='bbox 320 3730 447 3816; x_wconf 89' lang='lat' dir='ltr'><strong>scriptis</strong></span> <span class='ocrx_word' id='word_1_252' title='bbox 463 3731 609 3796; x_wconf 83' lang='lat' dir='ltr'><strong>conferas</strong></span> <span class='ocrx_word' id='word_1_253' title='bbox 621 3729 788 3796; x_wconf 85' lang='lat' dir='ltr'><strong>Sintenisii</strong></span> <span class='ocrx_word' id='word_1_254' title='bbox 803 3751 970 3796; x_wconf 84' lang='lat' dir='ltr'><strong>excursum</strong></span> <span class='ocrx_word' id='word_1_255' title='bbox 981 3729 1012 3796; x_wconf 90' lang='lat' dir='ltr'>V</span> <span class='ocrx_word' id='word_1_256' title='bbox 1022 3729 1063 3793; x_wconf 90' lang='lat' dir='ltr'><strong>ad</strong></span> <span class='ocrx_word' id='word_1_257' title='bbox 1075 3727 1236 3794; x_wconf 87' lang='lat' dir='ltr'><strong>Plutarch.</strong></span> 
     </span>
     <span class='ocr_line' id='line_1_32' title="bbox 93 3840 201 3908; baseline -0.009 -2"><span class='ocrx_word' id='word_1_258' title='bbox 93 3840 201 3908; x_wconf 89' lang='lat' dir='ltr'><strong>Periol.</strong></span> 
     </span>
    </p>

    <p class='ocr_par' dir='ltr' id='par_1_6' title="bbox 94 3949 1239 4478">
     <span class='ocr_line' id='line_1_33' title="bbox 173 3949 1239 4036; baseline -0.001 -21"><span class='ocrx_word' id='word_1_259' title='bbox 173 3950 318 4016; x_wconf 88' lang='lat' dir='ltr'><strong>Primum</strong></span> <span class='ocrx_word' id='word_1_260' title='bbox 332 3950 499 4036; x_wconf 86' lang='lat' dir='ltr'><strong>Lampsaci</strong></span> <span class='ocrx_word' id='word_1_261' title='bbox 515 3949 733 4016; x_wconf 87' lang='lat' dir='ltr'><strong>Metrodorum</strong></span> <span class='ocrx_word' id='word_1_262' title='bbox 749 3951 829 4016; x_wconf 89' lang='lat' dir='ltr'><strong>vidit</strong></span> <span class='ocrx_word' id='word_1_263' title='bbox 843 3950 1011 4035; x_wconf 78' lang='lat' dir='ltr'><strong>Epicurus,</strong></span> <span class='ocrx_word' id='word_1_264' title='bbox 1034 3951 1090 4016; x_wconf 89' lang='lat' dir='ltr'><strong>ubi</strong></span> <span class='ocrx_word' id='word_1_265' title='bbox 1103 3949 1239 4036; x_wconf 83' lang='lat' dir='ltr'><strong>triginta</strong></span> 
     </span>
     <span class='ocr_line' id='line_1_34' title="bbox 94 4057 1238 4148; baseline -0.003 -22"><span class='ocrx_word' id='word_1_266' title='bbox 94 4083 191 4126; x_wconf 88' lang='lat' dir='ltr'><strong>annos</strong></span> <span class='ocrx_word' id='word_1_267' title='bbox 218 4063 314 4124; x_wconf 88' lang='lat' dir='ltr'><strong>natus</strong></span> <span class='ocrx_word' id='word_1_268' title='bbox 346 4060 489 4127; x_wconf 90' lang='lat' dir='ltr'><strong>scholam</strong></span> <span class='ocrx_word' id='word_1_269' title='bbox 517 4061 701 4127; x_wconf 88' lang='lat' dir='ltr'><strong>instituerat</strong></span> <span class='ocrx_word' id='word_1_270' title='bbox 730 4057 851 4148; x_wconf 85' lang='lat' dir='ltr'><strong>(Diog.</strong></span> <span class='ocrx_word' id='word_1_271' title='bbox 874 4060 979 4127; x_wconf 84' lang='lat' dir='ltr'><strong>Laert.</strong></span> <span class='ocrx_word' id='word_1_272' title='bbox 1001 4061 1047 4146; x_wconf 90' lang='lat' dir='ltr'><strong>X,</strong></span> <span class='ocrx_word' id='word_1_273' title='bbox 1072 4061 1112 4126; x_wconf 85' lang='lat'><strong>15</strong></span> <span class='ocrx_word' id='word_1_274' title='bbox 1133 4060 1238 4144; x_wconf 75' lang='lat' dir='ltr'><strong>init),</strong></span> 
     </span>
     <span class='ocr_line' id='line_1_35' title="bbox 96 4170 1237 4257; baseline -0.002 -21"><span class='ocrx_word' id='word_1_275' title='bbox 96 4193 184 4257; x_wconf 87' lang='lat' dir='ltr'><strong>quam</strong></span> <span class='ocrx_word' id='word_1_276' title='bbox 207 4173 311 4236; x_wconf 83' lang='lat' dir='ltr'><strong>aetate</strong></span> <span class='ocrx_word' id='word_1_277' title='bbox 326 4171 393 4235; x_wconf 87' lang='lat' dir='ltr'><strong>fers</strong></span> <span class='ocrx_word' id='word_1_278' title='bbox 407 4171 525 4256; x_wconf 83' lang='lat' dir='ltr'><strong>viginti</strong></span> <span class='ocrx_word' id='word_1_279' title='bbox 547 4192 705 4236; x_wconf 88' lang='lat' dir='ltr'><strong>annorum</strong></span> <span class='ocrx_word' id='word_1_280' title='bbox 727 4172 984 4255; x_wconf 86' lang='lat' dir='ltr'><strong>frequentantem</strong></span> <span class='ocrx_word' id='word_1_281' title='bbox 1007 4172 1085 4237; x_wconf 85' lang='lat' dir='ltr'><strong>adeo</strong></span> <span class='ocrx_word' id='word_1_282' title='bbox 1100 4171 1162 4236; x_wconf 90' lang='lat' dir='ltr'><strong>sibi</strong></span> <span class='ocrx_word' id='word_1_283' title='bbox 1185 4170 1237 4235; x_wconf 89' lang='lat' dir='ltr'><strong>ad-</strong></span> 
     </span>
     <span class='ocr_line' id='line_1_36' title="bbox 94 4279 1237 4369; baseline -0.003 -21"><span class='ocrx_word' id='word_1_284' title='bbox 94 4282 210 4366; x_wconf 86' lang='lat' dir='ltr'><strong>junxit,</strong></span> <span class='ocrx_word' id='word_1_285' title='bbox 238 4283 275 4344; x_wconf 91' lang='lat' dir='ltr'><strong>ut</strong></span> <span class='ocrx_word' id='word_1_286' title='bbox 296 4283 378 4345; x_wconf 89' lang='lat' dir='ltr'><strong>teste</strong></span> <span class='ocrx_word' id='word_1_287' title='bbox 400 4279 547 4366; x_wconf 82' lang='lat' dir='ltr'><strong>Diogene</strong></span> <span class='ocrx_word' id='word_1_288' title='bbox 571 4280 631 4366; x_wconf 82' lang='lat' dir='ltr'><strong>(X,</strong></span> <span class='ocrx_word' id='word_1_289' title='bbox 653 4281 712 4369; x_wconf 81' lang='lat'><strong>22)</strong></span> <span class='ocrx_word' id='word_1_290' title='bbox 740 4281 914 4368; x_wconf 89' lang='lat' dir='ltr'><strong>discipulus</strong></span> <span class='ocrx_word' id='word_1_291' title='bbox 942 4281 1016 4348; x_wconf 91' lang='lat' dir='ltr'><strong>inde</strong></span> <span class='ocrx_word' id='word_1_292' title='bbox 1044 4285 1237 4366; x_wconf 89' lang='lat' dir='ltr'><strong>atemporc,</strong></span> 
     </span>
     <span class='ocr_line' id='line_1_37' title="bbox 98 4389 1239 4478; baseline -0.001 -21"><span class='ocrx_word' id='word_1_293' title='bbox 98 4415 155 4478; x_wconf 92' lang='lat' dir='ltr'><strong>quo</strong></span> <span class='ocrx_word' id='word_1_294' title='bbox 178 4394 376 4476; x_wconf 85' lang='lat' dir='ltr'><strong>cognoverat</strong></span> <span class='ocrx_word' id='word_1_295' title='bbox 396 4389 601 4476; x_wconf 82' lang='lat' dir='ltr'><strong>magistrum,</strong></span> <span class='ocrx_word' id='word_1_296' title='bbox 623 4392 663 4456; x_wconf 90' lang='lat' dir='ltr'><strong>ab</strong></span> <span class='ocrx_word' id='word_1_297' title='bbox 686 4393 753 4476; x_wconf 90' lang='lat' dir='ltr'><strong>ejus</strong></span> <span class='ocrx_word' id='word_1_298' title='bbox 769 4393 867 4458; x_wconf 88' lang='lat' dir='ltr'><strong>latere</strong></span> <span class='ocrx_word' id='word_1_299' title='bbox 889 4414 956 4458; x_wconf 91' lang='lat' dir='ltr'><strong>non</strong></span> <span class='ocrx_word' id='word_1_300' title='bbox 977 4392 1155 4460; x_wconf 88' lang='lat' dir='ltr'><strong>diseederet</strong></span> <span class='ocrx_word' id='word_1_301' title='bbox 1175 4391 1239 4456; x_wconf 90' lang='lat' dir='ltr'><strong>nisi</strong></span> 
     </span>
    </p>
   </div>
   <div class='ocr_carea' id='block_1_3' title="bbox 0 0 1562 4914">
    <p class='ocr_par' dir='ltr' id='par_1_7' title="bbox 0 0 1562 4914">
     <span class='ocr_line' id='line_1_38' title="bbox 0 0 1562 4914; baseline 0 0"><span class='ocrx_word' id='word_1_302' title='bbox 0 0 1562 4914; x_wconf 95' lang='lat' dir='ltr'><strong> </strong></span> 
     </span>
    </p>
   </div>
  </div>
 </body>
</html>
