3066 4914
551 307 757 371 ..53-

52 475 234 559 exhibet„
253 477 308 541 sed
336 476 412 546 ferri
445 477 565 560 nequit.
620 472 776 540 Perbelle¹
794 476 1061 561 Wyttenbachiue
1090 479 1228 544 correxit
1274 505 1278 514 ¹

52 589 186 668 ἄωροι.

152 699 211 765 Of.
228 699 358 783 Epicur.
375 696 458 781 apud
473 695 568 781 Diog.
584 695 688 762 Laert.
705 696 745 781 X,
763 697 840 764 126:
863 736 904 748 -
921 698 1008 765 οὕτω
1031 701 1082 766 καὶ
1103 701 1225 780 χρόνον

54 813 97 878 οὐ
133 813 203 877 τὸν
240 811 404 890 μήκιετον,
438 808 522 873 ἀλλὰ
556 809 614 873 τὸν
648 809 779 888 ἥδιετον
812 809 994 890 καρπίζεται
1030 809 1069 894 (ὁ
1098 811 1224 896 εοφόε).

54 922 198 985 Lueret.
224 919 264 983 de
285 939 345 982 rer.
369 919 436 981 nat.
461 915 523 1002 (ed.
547 916 667 1001 Munr.)
690 917 740 982 Ill

153 1037 221 1096 938
345 1031 404 1092 (lur
419 1051 494 1106 uon,
517 1035 552 1091 ut
565 1032 672 1108 plenus
687 1034 766 1093 vitae
782 1034 923 1108 conviva,
946 1033 1081 1095 recedis?

152 1147 221 1205 959
238 1164 301 1221 seq.
346 1177 385 1185 —
402 1177 442 1185 —
458 1175 499 1184 -
513 1161 593 1202 mors
610 1144 648 1203 ad
663 1146 753 1220 ceput
769 1144 887 1204 adstitit
902 1147 986 1218 aute,
1078 1223 1081 1230 Ι

343 1274 434 1331 quam
449 1255 533 1321 setur
548 1272 581 1312 ac
595 1253 701 1329 plenus
717 1255 813 1330 possis
829 1254 978 1314 discedere
993 1274 1103 1315 rerum.

128 1365 221 1427 1004
237 1385 323 1442 seqq.
346 1368 435 1441 atque
451 1362 569 1438 explere
584 1363 670 1422 bonis
685 1364 774 1424 rebus
790 1365 958 1441 satiareque
974 1384 1128 1441 nunquam

341 1476 423 1552 quod
438 1475 551 1534 faciunt
566 1473 653 1534 nobie
670 1493 817 1534 annorum
831 1465 982 1550 tempora,
1006 1475 1118 1536 circum

341 1605 408 1646 cum
422 1585 549 1644 redeunt
564 1585 703 1660 fetusque
719 1565 820 1644 ferunt
833 1586 991 1661 variosque
1005 1585 1137 1661 leporee,

339 1713 394 1754 nec
408 1697 509 1753 tamen
525 1695 677 1770 explemur
692 1695 765 1755 vitai
780 1695 926 1755 fructibus
941 1715 1085 1771 unquam.

151 1783 272 1866 Horat.
302 1799 381 1864 sate.
410 1799 443 1883 1,
474 1800 506 1882 1,
538 1799 597 1862 118
619 1820 683 1883 seq.
717 1799 894 1864 eruorem.
923 1799 961 1864 de
983 1803 1086 1865 morte
1107 1803 1172 1866 aa.
1195 1802 1221 1887 1,

63 1916 182 1998 fragm.
208 1911 229 1974 2
252 1911 286 1973 iu
309 1909 344 1975 O.
367 1909 402 1973 P.
426 1907 489 1972 IX:
522 1909 601 1974 ὥττε
629 1913 806 1988 πλητθῆναι
833 1915 900 1977 τῶν
922 1909 1053 1988 ἀγαθῶν
1076 1906 1115 1959 “-
1139 1917 1223 1981 νοῦν

64 2023 205 2104 ἔχοντα(
228 2023 310 2088 ἐετιν
333 2014 519 2100 ἀνθρώπου.
557 2017 742 2083 Buecheler.
764 2018 947 2103 Conjecteu.
964 2020 1065 2085 critic.
1089 2021 1218 2106 (Rhein.

64 2133 148 2198 Mus.
174 2132 217 2198 N.
241 2130 276 2195 F.
300 2127 375 2214 XV)
398 2150 470 2214 pag.
486 2127 559 2192 293.

603 2297 684 2354 XVI·

224 2419 387 2484 Plutarch.
410 2441 476 2482 uon
498 2439 593 2502 posse
616 2439 701 2481 suar.
724 2418 785 2482 viv.
811 2419 893 2483 1088
908 2418 946 2483 B.
967 2423 970 2427 ’
1233 2504 1235 2508 ,

155 2531 377 2611 Μητρόδωροε
398 2531 456 2608 μὲν
473 2530 593 2623 λέγων,
616 2527 666 2593 ὅτι
688 2529 844 2595 πολλάκις
867 2532 1127 2612 προεεπτύταμεν
1149 2537 1218 2598 ταῖε

68 2649 125 2709 τοῦ
150 2643 296 2723 εώματοε
316 2640 459 2719 ἡδοναῖε.

154 2838 241 2920 Apte
267 2835 348 2899 haec
375 2834 576 2900 illustrantur
603 2835 708 2900 verbis
735 2834 867 2919 Epicuri
894 2835 978 2919 apud
1006 2834 1094 2900 Stob.
1123 2837 1216 2903 floril.

75 2951 128 3032 17,
149 2947 206 3012 34:
237 2947 369 3027 Βρυάζω
397 2953 442 3030 τῷ
465 2947 545 3012 κατὰ
567 2949 605 3013 τὸ
635 2947 792 3029 εωμάτιον
819 2948 905 3032 ἡδεῖ,
933 2948 1023 3012 ὕδατι
1051 2951 1102 3014 καὶ
1128 2947 1216 3034 ἄρτῳ

73 3062 236 3139 χρώμενοι
264 3059 316 3122 καὶ
343 3058 518 3136 προεπτύω
540 3061 611 3122 ταῑτ
639 3058 673 3122 ἐκ
700 3059 908 3123 πολυτελείας
929 3059 1077 3142 ἡδοναῑε,
1108 3059 1148 3124 οὐ
1177 3061 1217 3125 δι’

74 3170 182 3252 ehtde,
205 3167 289 3232 ἀλλὰ
303 3166 357 3231 διὰ
369 3168 409 3230 τὰ
424 3167 702 3234 ἐξακολουθοῦντα
718 3168 829 3234 αὐταῑε
843 3173 988 3248 δυεχερῆ.
1012 3167 1062 3234 of.
1079 3171 1215 3235 eundern

75 3277 153 3362 apud
175 3277 269 3360 Diog.
292 3274 396 3340 Laert.
426 3275 471 3359 X,
502 3277 578 3340 129:
611 3314 654 3324 -
682 3279 721 3343 οὐ
749 3281 853 3344 πᾶεαν
880 3279 1002 3358 ἡδονὴν
1030 3280 1214 3363 αἱρούμεθα,
1252 3267 1254 3270 ’

76 3389 140 3453 ἀλλ’
161 3388 244 3452 ἕετιν
266 3386 321 3452 ὅτε
340 3389 465 3453 πολλὰ(
486 3389 607 3466 ἡδονὰς
629 3389 878 3470 ὑπερβαίνομεν,
902 3388 981 3454 ὅταν
1003 3393 1118 3456 πλεῖον
1139 3391 1215 3472 ἡμῖν

76 3501 110 3564 τὸ
131 3497 275 3577 δνεχερὲε
298 3498 332 3562 ἐκ
353 3498 480 3563 τούτων
503 3497 626 3576 ἕπηται.

590 3664 688 3720 xvn.

217 3783 378 3848 Plutarch.
408 3804 475 3847 non
501 3803 596 3867 posse
624 3805 710 3848 suar.
738 3783 800 3848 viv,
832 3784 913 3848 1098
934 3783 976 3869 ὓς
1006 3787 1076 3850 adv.
1107 3786 1211 3852 Oolot.

270 3892 352 3958 1125
366 3892 405 3958 D.
574 3889 576 3893 ’

157 4003 270 4088 (Priori
285 4005 356 4068 loco
372 4004 580 4070 antecedunt:
595 4043 638 4052 -
653 4007 693 4071 τὰ
709 4005 932 4085 Μητροδώρου
948 4007 1030 4085 πρὸ(
1044 4007 1103 4074 τὸν
1118 4008 1211 4102 αδελ-

11 4171 12 4188 2
82 4118 141 4198 φὸν
160 4115 371 4201 γράφοντοτ·)

157 4223 255 4291 Οὐδὲν
277 4224 361 4311 (loco
381 4226 552 4309 posteriori
573 4227 748 4291 adduutru:
772 4225 832 4292 οὖν
847 4227 907 4311 ἔτι)
931 4229 980 4293 δεῖ
1001 4230 1112 4296 cellar
1134 4231 1210 4295 τοὺ(

84 4336 238 4416 Ἕλληνας,
261 4336 331 4402 οὐδ’
353 4337 404 4402 ἐπὶ
427 4339 523 4424 toute
547 4339 715 4420 (τεφάνων
739 4335 823 4421 (adr.
846 4335 948 4402 Oclot.
972 4337 992 4401 l.
1009 4337 1029 4402 l.
1052 4359 1106 4404 -ον
1129 4337 1208 4404 Gen.
