3066 4914
735 301 943 374 -38-

420 481 473 564 19)
496 462 603 559 Πρόὶ
627 481 922 560 Μενέετρατον.

350 589 471 672 uffan,
506 591 543 652 ut
572 587 651 652 mihi
680 588 807 672 quidem
835 588 975 676 videtur,
1009 587 1095 653 hunc
1121 589 1238 652 librum
1266 588 1421 654 Clemens

268 699 502 764 Alexandrinus
519 701 630 763 strom.
646 697 686 782 V,
702 699 782 764 614:
807 701 973 782 Μέμνηεο,
997 701 1214 784 Μενέετρατε,
1237 701 1317 766 διότι
1342 707 1417 781 θνη-

266 813 322 877 τό(
344 811 408 891 φύε
431 813 497 875 κτλ.
541 807 614 873 Vid.
638 808 772 873 Metrod.
800 809 913 894 fragm.
936 831 1023 874 num.
1039 808 1104 893 lll,
1132 808 1216 873 unde
1238 809 1417 893 Epicurum

266 920 496 984 Menestratum
512 918 589 982 satis
604 919 816 1003 intelligimus
832 918 958 1002 eadem,
974 922 1011 984 ut
1025 919 1164 1003 videtur,
1179 919 1303 984 ratione
1318 925 1415 1004 atque

267 1027 454 1094 Timarchus
477 1050 495 1092 a
517 1027 636 1093 schola
649 1028 822 1093 alienatum
845 1049 922 1093 esse.

419 1139 475 1226 20)
498 1139 596 1220 Περὶ
618 1143 684 1218 τῆ(
705 1139 942 1218 Ἐπικούρου
965 1139 1194 1220 &pomerius
1244 1158 1248 1163 ’

351 1249 448 1315 Hunc
475 1249 592 1313 librum
621 1271 640 1312 a
667 1247 812 1334 Diogene
840 1247 966 1312 Laertio
994 1247 1038 1331 Χ,
1061 1249 1103 1312 24
1130 1253 1413 1316 commemoratum

266 1360 466 1426 Metrodorus
488 1359 652 1443 dignitatis
667 1359 828 1444 magistri,
852 1351 981 1442 opinor,
1004 1358 1219 1424 defendendae
1242 1382 1337 1425 causa
1359 1361 1411 1424 ad-

266 1492 376 1536 versus
392 1490 446 1534 eos
462 1469 668 1554 conscripsit,
692 1469 746 1552 qni
767 1468 913 1533 affectam
929 1468 996 1552 ejus
1011 1459 1226 1534 valetudinem
1242 1471 1413 1558 pessimam

266 1579 434 1666 perhibere
469 1579 648 1643 studebant.
698 1577 773 1662 Ipsa
806 1579 890 1642 enim
919 1578 1019 1661 mala,
1058 1579 1171 1662 quibus
1204 1578 1414 1664 philosophus

268 1691 457 1774 vexabatur,
481 1689 584 1753 morbi
607 1688 729 1753 scilicet
743 1688 865 1752 vesicae
888 1710 924 1753 ac
939 1690 1095 1753 siscerum
1120 1689 1346 1774 ((τραγγουρία
1364 1694 1415 1758 καὶ

268 1802 471 1881 occearano
498 1801 583 1879 πάθη
613 1798 786 1862 secundum
814 1796 909 1883 Diog,
938 1798 1042 1862 Laeti.
1065 1797 1106 1881 X,
1130 1799 1178 1864 15.
1201 1799 1252 1864 22.
1282 1802 1314 1864 et
1341 1799 1413 1866 Sen.

269 1912 360 1996 epist.
376 1909 481 1975 LXVI
496 1911 551 1994 al.)
559 1959 569 1993 ,
592 1908 780 1972 adversariis
796 1929 906 1972 ausam
922 1909 1041 1973 dabant
1056 1913 1326 1996 commentorum,
1348 1911 1414 1994 qui-

268 2024 327 2087 bus
348 2043 424 2105 prae
447 2019 560 2085 ceteris
583 2018 708 2084 Stoicos
731 2018 917 2083 excelluisse
939 2017 1053 2083 Cicero
1076 2018 1116 2082 ad
1140 2017 1267 2084 Gallum
1291 2021 1413 2105 (epistt.

207 2167 209 2171 ·
269 2132 307 2196 ad
329 2131 429 2195 famil.
452 2128 526 2214 VII,
542 2129 597 2214 26)
620 2129 666 2192 ita
688 2129 814 2193 scribit:
836 2147 992 2212 „quorum
1015 2129 1151 2193 alterum
1174 2130 1321 2194 morbum
1343 2131 1415 2195 eda·

270 2242 375 2307 citatis
390 2242 520 2325 putant,
543 2240 678 2303 alterum
700 2239 797 2302 etiam
812 2239 964 2322 turpioris
986 2239 1292 2324 intemperantiae“.
1324 2241 1415 2316 Quod

269 2374 371 2438 genus
387 2351 571 2436 morborum
587 2348 752 2414 commode
768 2349 829 2413 sibi
850 2349 993 2413 oblatum
1008 2348 1099 2414 duxit
1113 2349 1318 2434 Plutarchus,
1341 2351 1415 2434 Epi-

271 2484 346 2536 curo
361 2463 389 2527 is
404 2461 531 2545 quidem
554 2459 778 2541 amicissimus,
792 2457 884 2522 unde
906 2458 946 2522 ad
961 2459 1215 2532 ratiocinandum
1231 2460 1269 2524 de
1285 2481 1415 2546 corpore

269 2572 409 2637 hominis
433 2592 471 2635 ex
494 2569 616 2653 anima,
641 2571 674 2633 et
687 2569 756 2632 vice
771 2589 879 2652 versa,
903 2590 970 2633 sese
986 2569 1227 2654 sagacissimum
1241 2571 1414 2654 praeberet.

271 2682 344 2748 Vid.
357 2704 424 2746 non
438 2701 532 2765 posse
548 2701 633 2742 suar.
649 2679 710 2742 viv.
725 2678 816 2743 1089.
848 2677 999 2744 Omnium
1014 2700 1090 2744 vero
1105 2679 1202 2765 longe
1218 2681 1415 2746 disertissimi

271 2793 398 2858 Aeliani
427 2791 465 2855 de
487 2789 688 2874 providentia
709 2788 825 2854 librum
854 2790 1022 2874 exscripsit
1044 2789 1157 2855 Studes
1179 2813 1207 2855 v.
1231 2792 1414 2872 Ἐπίκουρος

174 2945 176 2948 -
273 2903 341 2978 (ubi
362 2901 425 2966 vid.
448 2899 648 2984 Bernhardyi
670 2900 804 2984 annot).

423 3010 479 3092 21)
502 3001 734 3076 Ἐπὶετολαί,
1528 3095 1529 3098 ¹

357 3121 388 3207 a)
411 3119 577 3204 Epistulae
593 3119 634 3183 ad
649 3117 862 3184 Timocratem
878 3119 1009 3185 fratrem
1025 3121 1199 3187 secundum
1214 3123 1415 3188 Athenaeum

273 3230 498 3316 V11,280A;
521 3228 600 3312 ΧΠ,
622 3228 731 3294 546F
758 3232 790 3294 et
812 3226 1017 3295 Plutarchum
1039 3253 1106 3296 non
1127 3253 1222 3316 posse
1245 3255 1331 3298 suav.
1353 3232 1412 3296 viv.
1528 3227 1529 3302 l

275 3341 357 3406 1098
374 3340 408 3406 Ο.
427 3340 464 3404 D.
494 3339 580 3425 (vid.
604 3338 777 3404 Metrodor.
801 3340 949 3425 fragium.
972 3364 1061 3405 num.
1077 3341 1134 3406 VI.
1150 3341 1239 3407 XIll.
1257 3342 1375 3427 XVH.)
1528 3361 1529 3380 ³

255 3530 258 3535 ι
356 3450 392 3536 b)
415 3449 581 3534 Epistulae
603 3449 644 3513 ad
666 3471 807 3514 sororem
830 3451 1003 3515 secundum
1021 3451 1173 3516 Senecam
1197 3452 1288 3535 epist.
1304 3450 1415 3518 xclx.

274 3560 360 3645 (Vid.
376 3559 549 3624 Metrodor.
565 3559 678 3645 fragm.
701 3582 788 3624 num.
802 3560 856 3648 V).
900 3559 987 3636 Quae
1009 3561 1070 3626 hoc
1093 3563 1162 3627 loco
1186 3562 1332 3627 laudatur
1354 3563 1416 3646 epi-

274 3671 427 3736 stularum
442 3670 560 3754 prima,
577 3691 613 3734 ea
629 3671 697 3734 sine
713 3670 807 3733 dubio
824 3670 934 3734 eadem
950 3674 999 3736 est
1013 3674 1108 3754 atque
1124 3672 1215 3756 epist.
1224 3671 1362 3738 XOVllI
1377 3672 1417 3736 ci-

273 3783 356 3844 tata:
372 3779 683 3865 „Metrodorus—in
699 3801 736 3843 ea
751 3780 895 3863 epistula,
913 3801 975 3863 qua
989 3803 1130 3846 sororem
1146 3782 1263 3846 amisso
1280 3782 1418 3866 optimae

196 3922 200 3926 -
274 3890 390 3954 indolis
405 3891 472 3954 filio
488 3890 700 3974 alloquitur“.
726 3888 813 3974 (Vid.
830 3889 1001 3956 Metrodor.
1016 3891 1130 3977 fragm.
1146 3914 1233 3956 num.
1246 3891 1416 3977 XXVlll.)

359 4001 390 4085 c)
413 3999 562 4084 Epistula
583 4000 719 4083 incerta,
749 4000 838 4083 cnjus
861 4001 1059 4066 mentionem
1081 4002 1160 4067 facit
1183 4001 1303 4067 Seneca
1325 4002 1416 4086 epist.

274 4109 419 4176 LXXIX:
450 4109 548 4193 „Hoc
570 4109 771 4174 Metrodorus
794 4131 918 4194 quoque
941 4112 975 4174 in
999 4112 1135 4195 quadarn
1163 4112 1300 4196 epistula
1323 4112 1418 4177 confi·

274 4221 394 4284 tetur“.
441 4219 527 4304 (Vid.
551 4218 723 4284 Metrodor.
746 4219 860 4305 fragm.
883 4241 970 4285 num.
987 4220 1105 4307 XXX.)
