3066 4914
563 367 773 432 ...25-

78 537 200 602 laudat
228 536 445 602 Metrodorum
479 538 514 603 ἐν
549 546 594 623 τῷ
622 540 817 617 Τιμοκράτει.
873 536 1020 602 Eundem
1051 535 1241 601 Plutarchus

82 649 171 735 (non
194 669 290 733 posse
313 667 399 712 suar.
417 643 484 712 νίν.
510 647 655 734 109813)
678 647 815 712 edidisse
837 649 946 711 narrat
967 646 1166 727 άντιγραφάτ
1188 646 1240 709 ad·

82 781 202 824 versus
217 757 361 838 fratrem,
385 779 479 842 quem
494 756 698 842 respondisse
720 757 871 822 discimus
894 779 911 821 e
933 755 1054 823 scholio
1072 755 1179 821 Procli
1201 755 1241 820 ad

83 868 224 934 Hesiod.
247 889 321 953 opp.
344 867 408 932 284
430 868 484 954 (of.
501 866 661 932 Plutarch.
685 868 832 952 fragmm.
856 866 904 931 ed.
928 864 1087 932 Duebner.
1110 885 1183 952 pag.
1199 865 1241 928 22

85 1001 177 1044 num.
199 977 302 1062 vlu:
338 979 536 1058 Τιμοκράτην
565 981 616 1043 καὶ
644 978 867 1059 Μητρόδωρον
903 980 980 1042 τοὺς
1009 976 1242 1057 Ἐπικουρείου(

87 1090 257 1171 ἀδελφοῦ(
291 1087 397 1154 ὄντα(Ι
421 1089 472 1153 καὶ
499 1090 779 1170 προεκρούταντατ
813 1087 964 1168 ἀλλήλοιε
998 1088 1149 1154 ἐκδοῦναι
1175 1088 1241 1151 κατ’

89 1202 244 1280 ἀλλήλων
272 1199 506 1280 ευγγράμματα.
555 1198 752 1262 Timocrates
780 1200 886 1262 autern
914 1200 1046 1282 propter
1073 1197 1241 1262 continuas

91 1309 268 1376 calumnias
290 1309 329 1373 ab
343 1307 485 1393 Epicuro
504 1307 635 1372 tandem
655 1309 689 1372 in
706 1309 759 1393 jus
783 1310 913 1373 vocatus
934 1307 968 1370 in
983 1307 1093 1372 Asiam
1115 1307 1242 1391 elapsus

91 1424 149 1485 est.
195 1421 241 1484 At
268 1419 357 1484 misit
382 1418 438 1484 ille
459 1420 541 1483 teste
563 1416 735 1484 Plutarcho
764 1417 847 1501 (adv.
873 1417 976 1483 Colot.
1002 1417 1084 1482 1126
1099 1416 1139 1502 C)
1165 1419 1243 1482 robe

91 1532 280 1612 Τιμοκράτει
296 1529 587 1611 λοιδορηοομένουτ
603 1532 654 1596 καὶ
667 1533 724 1609 τῆτ
747 1531 905 1610 βατιλικῆε
926 1529 1046 1596 ἐξελεῖν
1070 1526 1169 1606 αὐλῆτ
1183 1526 1242 1592 τὸν

93 1641 285 1722 ἄνθρωπον,
315 1639 365 1705 ὅτι
388 1640 599 1726 Μητροδώρῳ
628 1641 864 1722 προτέκρουοεν
887 1639 1031 1720 άδελιρότ
1053 1638 1120 1705 ὤν,
1154 1635 1243 1702 Oete-
1366 1663 1372 1671 ·

94 1773 178 1836 rum,
215 1750 287 1833 quis
316 1749 413 1814 fuerit
440 1748 494 1814 ille
521 1751 665 1831 βαειλεύε
699 1748 943 1834 (Lysimachus,
976 1771 1018 1812 an
1046 1747 1240 1832 Seleucus?)

95 1881 236 1945 quaeque
257 1861 279 1939 ὴ
301 1862 439 1942 βαειλικὴ
463 1861 559 1940 αὐλή,
588 1881 656 1923 non
677 1859 792 1942 liquet,
821 1879 882 1922 nee
904 1858 1036 1922 omnino
1065 1857 1243 1922 haedere

96 1971 266 2056 quidquam
289 1969 424 2054 amplius
447 1969 599 2034 traditum
622 1972 679 2033 eat.
718 1968 937 2033 Nihilominus
958 1969 1104 2051 fuerunt,
1127 1968 1182 2052 qui
1196 1967 1243 2033 rei

96 2082 189 2146 finem
204 2080 371 2164 imponere
386 2080 494 2145 conati
507 2080 573 2144 sint
587 2079 803 2163 pulchriorem
818 2077 913 2162 quam
928 2079 1093 2143 veriorem.
1116 2076 1242 2162 Nempe

97 2191 200 2274 illum,
229 2211 323 2273 quem
344 2189 488 2254 instituit
509 2189 667 2275 Epicurus
689 2188 872 2252 testamenti
895 2189 1074 2268 ἐπίτροπον
1102 2189 1243 2275 (praeter

98 2299 387 2386 Amynomachum)
411 2299 640 2384 Timocratem,
663 2297 820 2363 Demetrii
834 2299 936 2363 filium
950 2297 1142 2381 Potamium,
1164 2299 1243 2363 Jon-

99 2413 159 2476 sius
194 2414 227 2475 et
253 2409 419 2475 Fabricius
453 2409 588 2475 eundem
622 2411 737 2494 putant
770 2413 864 2494 atque
897 2409 1028 2473 fratrem
1056 2405 1241 2474 Metrodori.

99 2521 196 2586 Immo
220 2542 259 2584 ex
282 2517 463 2585 Timocrate
484 2519 676 2586 Atheniensi
700 2517 866 2604 (Ποταμόε
887 2521 936 2583 est
949 2539 1052 2604 pagus
1067 2517 1243 2583 Athenien·

100 2632 154 2718 sis)
170 2630 209 2696 de
226 2629 410 2696 Metrodoro
424 2629 615 2696 Atheniensi
637 2633 910 2716 argumentantur.
947 2629 1123 2714 Epicurum
1137 2631 1243 2694 autem

99 2742 310 2807 Timocratem
336 2761 445 2805 mrsus
473 2741 584 2806 schola
612 2763 669 2804 sua
695 2741 853 2825 recepisse
881 2739 1050 2824 quominus
1078 2761 1143 2804 unu
1171 2761 1242 2804 cum

100 2853 165 2918 istis
179 2873 229 2915 vv.
246 2851 298 2917 dd.
317 2851 497 2934 credamus,
522 2872 593 2916 cum
615 2851 712 2915 nimis
734 2851 850 2936 exigua
870 2849 1014 2915 veritatis
1037 2850 1152 2934 specie,
1173 2853 1242 2914 tum

101 2963 223 3028 silentio
246 2961 410 3027 Plutarchi
434 2964 466 3027 et
487 2961 644 3048 Diogenis
665 2960 881 3044 prohibemur.
926 2960 1044 3043 Quare,
1072 2962 1242 3043 postquam

84 3055 86 3058 ⁵
101 3073 157 3137 duo
172 3072 369 3137 Timocrates
384 3072 515 3157 Epicuri
538 3070 712 3156 discipulos
727 3071 827 3136 fuisse
844 3071 912 3155 jam
927 3069 1047 3135 dudum
1062 3068 1243 3136 Bruckerus

100 3182 170 3247 hist.
191 3180 339 3268 philosl
359 3204 432 3269 pag.
449 3182 532 3247 1250
553 3181 713 3265 exposuit,
734 3184 821 3245 recte
842 3179 913 3244 istis
928 3179 1034 3245 Jonsii
1056 3183 1090 3245 et
1104 3179 1242 3246 Fabricii

100 3292 278 3358 fictionibus
307 3292 469 3376 refutatis,
498 3292 571 3376 plus
599 3312 693 3374 quam
721 3291 837 3355 mirum
865 3290 959 3356 nobis
986 3289 1125 3374 videtur,
1157 3271 1243 3374 quod

101 3401 270 3468 Steinhart.
294 3401 329 3466 in
343 3399 456 3468 Erech.
474 3404 506 3466 et
522 3401 655 3480 Gruter.
671 3400 803 3484 Encycl.
820 3422 849 3465 ν.
865 3399 1011 3484 Epicur„
1034 3399 1118 3465 sicut
1131 3399 1241 3485 Pauly.

100 3511 186 3579 R.·E.
202 3533 231 3576 ν.
248 3511 386 3577 Timocr.
402 3513 465 3576 ista
486 3513 680 3595 commenta,
702 3533 778 3576 vera
799 3533 904 3575 rerum
926 3511 1049 3575 ratione
1070 3510 1167 3595 plane
1188 3531 1242 3575 ne-

100 3623 215 3707 glecta,
237 3625 396 3707 repetunt.
435 3621 497 3687 Sed
513 3624 580 3707 jam
596 3623 717 3686 certum
733 3621 891 3705 quendam
914 3621 1057 3687 ordinem
1074 3623 1242 3706 sequentes

100 3732 284 3817 Metrodori,
308 3755 388 3817 quos
411 3732 565 3816 confecit,
587 3732 686 3797 libros
709 3753 939 3797 recenseamus.

205 3919 237 3984 Ι.
282 3916 427 4003 Scripta
449 3917 494 3984 ad
517 3917 669 4001 upieurr
690 3917 893 3986 doctrinam
914 3918 1129 4001 spectantia.

231 4048 267 4116 a)
285 4045 373 4102 lutri
394 4045 427 4101 ln
450 4045 628 4102 uuiversum
646 4046 685 4102 de
701 4045 904 4114 philosophia
921 4045 1105 4115 conscripti.

249 4183 282 4266 1)
303 4183 403 4262 Περὶ
423 4186 491 4262 τῆς
513 4182 575 4248 ἐπὶ
598 4185 746 4264 coelur
768 4183 945 4262 πορείαε.

179 4291 341 4358 Laudatur
361 4291 415 4358 hic
437 4292 518 4357 liber
545 4313 565 4356 a
585 4291 681 4378 Diog.
704 4291 809 4357 Laert.
832 4289 872 4376 X,
893 4291 945 4358 24.
989 4291 1066 4356 Non
1087 4292 1172 4359 idem
1194 4296 1243 4358 est

101 4407 189 4486 atque
217 4402 272 4486 qui
294 4403 367 4482 περὶ
394 4403 589 4485 φιλοτοιρίοιτ
617 4401 803 4468 inscribitur
825 4403 926 4488 (num.
942 4402 993 4490 2),
1023 4402 1071 4466 uti
1092 4401 1242 4494 Menagio
