3066 4914
733 351 943 416 -53„.

200 539 203 546 ’
261 521 334 606 ιω(ρ
336 523 407 608 )ίως
430 523 530 598 λέγει
558 521 850 603 ΠΝΕΥΜΑΕΟφοῡ
879 521 992 602 θυμός,
1024 495 1256 665 ςυνεμφωὶνει)
1278 523 1315 589 τὸ
1339 523 1418 588 λίαν

263 633 425 714 βραχέως·

348 851 401 918 Sic
416 853 523 918 locum
537 855 615 935 puto
630 851 865 916 resarciendum
881 873 966 936 csse,
989 837 1219 936 supplementis
1235 852 1414 938 Spengelii,

262 963 459 1047 Gomperzii,
486 962 673 1031 Buecheleri
696 946 887 1046 conjunctis.
934 961 1054 1026 Vocem
1076 964 1251 1030 ΠΝΕΥΜΑ
1272 963 1341 1047 ipse
1363 987 1414 1028 re-

262 1073 351 1137 stitui
374 1073 570 1157 conjectura,
594 1073 724 1156 opinor,
748 1071 832 1137 haud
853 1072 1068 1156 improbabili.
1102 1072 1223 1156 Recepi
1245 1063 1414 1158 Spengclii

261 1184 314 1248 TO
342 1185 417 1266 post
439 1188 602 1267 διαςαφεῑ,
635 1181 816 1266 Gomperzii
847 1181 1004 1249 ΚΥΡΙω(
1029 1204 1088 1267 pro
1113 1166 1244 1250 rulo(
1273 1185 1412 1268 exempli

261 1292 470 1378 Oxoniensis,
499 1294 715 1375 ςυνεμιραΙΝΕΙ
744 1295 781 1358 τὸ
811 1293 930 1377 optimc
958 1293 1138 1357 restitutum
1161 1315 1180 1357 a
1203 1292 1411 1379 Buechelem,

185 1479 187 1486 Ι
261 1404 430 1467 verborum
459 1403 618 1467 sententia
646 1403 767 1467 acutius
794 1405 969 1487 perspecta.
1019 1401 1096 1487 Ipsa
1128 1425 1202 1467 vero
1233 1403 1410 1468 Metrodori

262 1514 358 1577 verba
386 1535 497 1606 omnes
524 1514 710 1597 relinquunt
736 1514 850 1578 lacuna
871 1513 993 1577 hiantia
1014 1516 1039 1580 Τ
1048 1564 1144 1580 .......
1168 1514 1409 1580 ΦΟΥΘΥΜΟ(

138 1677 139 1680 ,
262 1621 374 1687 Voluit
401 1623 548 1687 demonst
534 1626 619 1688 trare
647 1622 867 1706 Philodemus,
898 1624 1017 1688 sicut
1008 1645 1140 1708 1pse,e
1124 1624 1220 1688 etiam
1247 1623 1411 1707 principes

262 1731 389 1797 scholae
417 1733 542 1798 deirae
564 1733 720 1798 brevitate
743 1733 896 1818 sapientis
915 1733 1084 1817 judicasse.
1128 1734 1259 1818 Epicuri
1289 1733 1411 1798 dictum

213 1833 218 1862 ⁸
262 1843 406 1925 quamvis
434 1845 464 1908 ei
492 1845 611 1908 esset
602 1867 636 1908 m
664 1846 829 1929 promptu,
863 1843 1016 1908 maluitt
1018 1865 1110 1908 amen
1136 1845 1207 1928 ipsa
1232 1843 1411 1908 Metrodori

261 1953 358 2016 verba
386 1952 515 2018 laudare
543 1955 683 2040 κυρίως
691 1975 727 2018 ac
756 1953 950 2039 significant
940 1943 990 2018 rus
1020 1954 1180 2038 loquentis
1209 1954 1277 2017 et
1267 1954 1410 2038 imagine

247 2063 326 2126 ¹una
352 2085 422 2128 cum
451 2063 711 2128 mediocritate
701 2086 768 2129 rrae
794 2064 982 2128 brevitatem
1011 2064 1223 2151 depingentis.
1274 2064 1411 2148 Πνεῦμα

261 2171 362 2255 idem,
393 2174 478 2257 quod
503 2174 588 2258 apud
616 2196 675 2238 nos
703 2173 859 2258 „Hauch,
883 2173 1123 2239 Windhauch“.
1167 2173 1305 2239 Nostrae
1334 2195 1409 2238 con·

257 2282 400 2365 jacturae
428 2306 531 2369 neque
559 2285 642 2348 inter
669 2285 791 2349 litteras
819 2285 956 2369 reliquas
978 2285 1127 2369 primal
1156 2283 1276 2367 obstat,
1303 2305 1409 2368 neque

261 2393 374 2457 lacuna
397 2415 452 2458 sex
479 2396 545 2458 fere
572 2395 695 2458 litteras
718 2396 846 2480 capiens
868 2397 993 2479 p'raeter
1016 2396 1065 2461 (0
1087 2397 1162 2460 ante
1184 2399 1251 2475 φοῦ
1280 2395 1408 2458 restitu-

243 2504 340 2566 tum.
377 2502 497 2569 Vocem
513 2506 610 2586 ταχύς
629 2505 697 2589 jam
719 2505 902 2589 reprobavit
916 2505 1144 2590 Buechelerus,
1167 2526 1208 2569 ne
1228 2504 1408 2590 tautologia

260 2634 326 2677 non
348 2613 479 2678 ferenda
502 2637 573 2679 cum
596 2617 633 2680 τὸ
656 2616 728 2681 λίαν
751 2617 895 2697 βραχέως
918 2615 1039 2680 evadat.

346 2722 415 2798 Quo
443 2725 547 2810 magis
575 2724 774 2810 intelligatur
802 2726 1031 2810 fragmentum,
1061 2747 1123 2809 qua
1149 2725 1273 2789 ratione
1299 2723 1407 2788 Philo-

261 2832 345 2897 demi
366 2833 466 2897 oratio
497 2835 535 2898 ad
558 2833 776 2899 Metrodorum
799 2835 975 2918 deflexerit,
1004 2856 1099 2918 quam
1120 2834 1305 2899 brevissime
1326 2835 1407 2899 refe-

248 2946 342 3025 ram,
375 2945 577 3027 praesertim,
612 2965 684 3008 cum
711 2966 810 3029 usque
846 2946 885 3009 ad
913 2945 971 3009 has
998 2943 1184 3029 philosophi
1214 2944 1406 3009 Gadarensis

261 3053 425 3117 columnas
447 3057 604 3138 repertae,
627 3055 703 3146 quid
724 3054 875 3139 Epicurei
897 3054 935 3118 de
957 3055 1004 3118 ira
1026 3055 1199 3138 senserint,
1222 3054 1316 3118 nobis
1339 3055 1407 3119 fere

260 3161 408 3246 ignotum
430 3167 522 3228 esset.
558 3163 740 3248 Sapientem
763 3165 890 3248 quidem
913 3167 993 3249 ὀργῇ
1015 3185 1109 3248 posse
1131 3165 1304 3228 obnoxium
1327 3186 1405 3247 esse,

260 3269 343 3334 haud
370 3275 471 3356 negat
491 3272 711 3357 Philodemus,
739 3275 834 3339 modo
857 3275 900 3338 sit
921 3275 1001 3354 ὀργὴ
1023 3277 1156 3358 φυςική,
1186 3274 1303 3358 quippe
1326 3296 1405 3358 quae

260 3380 391 3445 alterius
418 3383 534 3447 infesto
556 3384 695 3448 nocendi
716 3387 833 3448 conatu
860 3385 910 3448 vel
932 3385 1017 3448 facto
1039 3386 1212 3467 provocata
1239 3383 1338 3448 animi
1361 3384 1405 3447 af-

259 3491 357 3555 fectio
384 3492 515 3576 perinde
543 3493 663 3557 oriatur
690 3498 784 3578 atque
806 3493 958 3558 beneficio
981 3494 1084 3578 gratia
1111 3493 1185 3578 (col.
1202 3493 1268 3578 46).
1314 3492 1405 3568 Quod

261 3601 288 3664 si
303 3603 383 3688 ὀργῇ
406 3602 562 3686 ejusmodi
578 3625 671 3668 causa
685 3626 751 3668 non
766 3603 988 3688 praecesserit,
1011 3603 1073 3667 ista
1094 3602 1256 3686 rejiciatur
1278 3606 1406 3686 oportet

260 3712 396 3795 sapienti
417 3736 529 3798 parum
552 3715 759 3797 conveniens,
783 3716 832 3780 ὅτι
855 3716 920 3781 ἀπὸ
943 3716 1112 3780 διαθέςεως
1134 3715 1254 3790 γίνεται
1276 3734 1404 3794 παμπο-

259 3823 361 3902 νήρου
390 3825 454 3908 (37.
478 3825 542 3910 38).
586 3823 677 3889 Licet
703 3827 808 3889 autem
836 3825 916 3905 ὀργή
945 3823 1102 3888 actionem
1124 3821 1262 3906 sapienti
1290 3822 1405 3887 infeste

259 3931 380 3996 illatam
413 3935 571 4019 extemplo
605 3933 816 4018 subsequatur
852 3933 1022 4017 eademque
1056 3932 1216 3996 interdum
1252 3933 1405 3996 acerrima

260 4042 388 4127 existat,
420 4047 527 4109 tamen
555 4066 621 4108 non
655 4046 704 4108 cst
730 4045 898 4128 sapientis,
932 4043 1086 4107 ultionem
1114 4045 1223 4125 petere
1251 4045 1405 4125 tanquam

259 4175 326 4217 rem
349 4155 567 4219 suavissimam
590 4155 766 4238 (ἐπιθυμεῖν
781 4159 837 4233 τῆς
852 4155 1012 4220 κολάςεως
1033 4153 1175 4232 καθάπερ
1197 4153 1403 4219 ἀπολανςτοῡ

259 4268 347 4331 τινὸς
368 4264 470 4351 ibid).
514 4265 617 4329 Immo
638 4263 686 4327 ira
707 4286 773 4328 non
796 4264 850 4327 diu
871 4265 1066 4348 perseverat,
1095 4263 1134 4327 od
1158 4263 1268 4342 μέντοι
1291 4284 1328 4340 γε
1351 4284 1403 4328 τα-

261 4379 362 4458 ραχὴν
385 4375 573 4458 ἀναδέχεται
595 4375 735 4456 μεγάλην
759 4373 815 4457 (42
829 4373 914 4460 init.)
920 4423 931 4457 ,
953 4375 1118 4453 τηλικοῦτο
1142 4373 1179 4438 δὲ
1200 4372 1303 4454 μόνον
1325 4373 1403 4440 ὅςον
