3066 4914
568 327 779 422 519...

93 503 150 586 qui
172 499 308 586 Epicuri
337 499 517 566 doctrinam
541 504 747 584 sequerentur
773 522 840 563 non
862 498 954 583 quasi
975 497 1074 565 vincti
1097 503 1129 564 et
1151 497 1245 584 caeci,

93 613 150 676 sed
185 613 220 676 in
255 635 293 676 ea
326 611 434 695 potius
467 611 574 674 animo
608 611 656 674 sui
689 611 789 694 ipsius
818 610 947 676 conscio
982 615 1181 676 versarentur
1214 615 1247 675 et

92 743 214 808 magno
238 723 361 807 ingenii
384 722 530 787 acumine
553 721 744 786 excellerent
766 720 806 784 ad
827 721 933 784 studia
957 721 1096 804 cujusvis
1117 722 1246 806 generis

91 833 321 898 incumbentes
358 853 520 914 novasque
556 831 806 916 philosophandi
839 830 982 896 rationes
1019 831 1246 916 excogitantes,

95 943 182 1007 Zeno
207 941 374 1025 Sidoniae,
402 941 607 1005 Philodemus
638 940 846 1023 Gadarensis,
874 939 1056 1025 Lucretius,
1087 942 1140 1006 alii
1169 942 1246 1006 satis

95 1053 268 1116 declarant.

179 1162 256 1227 «lam
279 1183 317 1227 ea
340 1163 606 1246 contemplemur,
629 1184 710 1246 quae
732 1163 792 1226 hac
815 1163 853 1227 de
875 1185 909 1226 rc
932 1161 1077 1228 exhibuit
1098 1161 1246 1228 Philode·

97 1296 166 1338 mus
189 1273 226 1340 iu
248 1293 288 1337 eo
304 1272 403 1356 libro,
427 1295 520 1356 quern
544 1295 560 1337 e
577 1272 716 1337 Zenonis
732 1275 804 1353 περὶ
820 1274 994 1354 παῤῥηείαε
1011 1273 1247 1338 commentariis

97 1384 276 1468 exscripsit.
306 1383 356 1468 (O.
379 1383 416 1447 P.
442 1381 480 1465 V,
503 1383 551 1468 2.)
601 1383 629 1446 Ε
657 1383 774 1447 tabulis
802 1383 918 1448 mirum
945 1386 1099 1466 quantum
1126 1384 1247 1448 mutilis

98 1493 323 1558 tantummodo
350 1492 429 1557 haec
452 1492 689 1578 depromamus:
718 1493 864 1578 magistri
887 1493 1109 1559 existimentur
1130 1493 1248 1577 impru-

99 1605 227 1686 dentes,
257 1603 312 1688 qui
341 1602 493 1668 conviciis
522 1603 709 1686 injuriisque
738 1603 912 1686 discipulos
942 1604 1168 1670 dissentientes
1198 1626 1248 1668 cu-

99 1715 224 1779 mulant
257 1713 392 1798 (fragm.
423 1714 500 1800 37);
543 1715 654 1790 contra
687 1735 811 1797 corum,
851 1715 905 1798 qui
943 1714 1046 1780 lenius
1079 1715 1249 1800 mitiusque

100 1825 275 1909 castigant,
297 1823 421 1888 monita
435 1823 621 1906 plerumque
636 1823 773 1888 libenter
795 1825 835 1888 ab
851 1825 1030 1889 errantibus
1052 1824 1251 1910 accipiuntur

101 1935 185 2020 (Ξὸ),
222 1936 365 1998 attamen
393 1932 447 2016 qui
475 1932 583 2001 audire
611 1935 787 2016 noluerint,
818 1935 922 1999 acrius
950 1935 1158 2020 aggrediendi
1186 1935 1249 2021 (7),

101 2047 176 2109 sunt
197 2044 365 2126 nimirum,
388 2043 444 2126 qui
466 2043 600 2128 maligni
622 2042 823 2110 hortationes
844 2066 912 2109 non
934 2045 1067 2110 audiant
1089 2045 1174 2131 (30),
1205 2045 1250 2108 di-

101 2154 231 2239 scipulis
262 2153 429 2238 opiniones
459 2176 530 2218 cum
557 2155 712 2240 magistro
742 2155 1023 2220 communicandae
1051 2155 1250 2240 eruditioque

100 2265 239 2350 petenda
269 2264 351 2352 (40).
396 2263 489 2329 Tales
513 2263 717 2329 Philodemus
746 2266 791 2328 ait
812 2266 984 2350 magistros
1013 2265 1111 2330 fuisse
1134 2265 1251 2349 Epicu-

100 2398 172 2440 rum
201 2379 234 2438 et
255 2373 475 2455 Metrodorum
502 2374 559 2460 (cf.
576 2373 712 2439 Metrod.
730 2375 852 2458 scriptt.
876 2397 962 2439 num.
981 2375 1029 2439 18.
1050 2376 1120 2460 19),
1148 2396 1252 2463 neque

103 2487 170 2570 ejus
192 2505 381 2569 personam,
409 2506 503 2567 quern
526 2485 599 2550 duci
620 2488 788 2569 putassent
809 2507 930 2568 errore,
960 2485 1171 2570 vituperasse,
1195 2485 1252 2550 sed

102 2597 172 2660 aliis
195 2595 372 2662 scribentes
395 2598 489 2677 atque
512 2594 716 2680 simulantes,
740 2596 829 2680 quasi
850 2595 886 2660 hi
908 2596 941 2658 in
965 2594 1132 2681 opiniones
1154 2595 1252 2660 falsas

103 2710 212 2771 essent
239 2705 376 2788 delapsi,
405 2726 515 2770 revera
536 2708 707 2789 peccantes
738 2707 919 2791 castigasse.
965 2705 1018 2771 Sic
1040 2709 1122 2771 teste
1144 2705 1251 2771 Philo-

103 2819 195 2884 damo
220 2816 351 2901 (fragm.
376 2816 408 2898 9)
431 2815 559 2880 Leontii
581 2837 703 2880 errores
726 2817 761 2880 in
786 2815 931 2882 Colotem
953 2816 1098 2881 contulit.

186 2927 239 2990 Ex
265 2926 380 3011 quibus
408 2925 598 3010 fragmentis
625 2923 765 3010 Epicuro
799 2927 896 2992 etiam
925 2926 996 2991 vivo
1026 2925 1251 2991 dissentientes

103 3039 201 3104 fuisse
224 3035 398 3120 discipulos
420 3038 517 3120 patet.
563 3033 782 3101 Memorantur
805 3037 964 3102 erroribus
987 3036 1136 3122 impliciti
1150 3036 1251 3101 Leon·

103 3149 184 3213 tium
214 3147 291 3233 (9),
320 3145 506 3211 Heraclides
535 3146 630 3231 (20),
667 3146 877 3231 Apollonides
901 3147 993 3234 (73).
1039 3147 1185 3213 Oolotem
1212 3149 1251 3214 ad

103 3257 277 3343 Hegesiam
299 3239 532 3324 llercrddvurov
560 3256 733 3320 inclinasse
761 3279 800 3320 ex
826 3257 999 3323 Plutarcho
1027 3261 1150 3323 notum.
1195 3258 1251 3324 Ce-

103 3375 208 3432 terum
232 3365 344 3432 Cicero
368 3366 407 3430 de
429 3366 517 3431 finib.
542 3366 571 3449 I,
588 3366 640 3450 20,
655 3367 697 3432 66
718 3366 894 3453 Epicureos
917 3368 1071 3452 quosdam
1093 3368 1252 3432 amicitiae

102 3477 272 3542 notionem
287 3477 436 3540 dilatasse
452 3476 550 3541 tradit
571 3476 627 3562 (cf.
643 3475 754 3542 Jacob.
770 3477 920 3565 Prolegg.
936 3478 1118 3543 ad'Lucian.
1136 3476 1250 3543 Toxar.

103 3610 177 3674 pag.
193 3585 286 3674 XV),
310 3587 393 3652 sicut
414 3586 516 3672 Diog.¹
533 3586 637 3652 Laert.
660 3585 700 3671 X,
716 3589 755 3653 31
779 3588 890 3669 refert,
913 3589 1087 3653 nonnullos
1108 3591 1252 3669 κριτήρια

103 3704 159 3778 τῆς
174 3699 325 3780 ἀληθείας
346 3719 413 3761 non
434 3697 530 3762 modo
552 3700 589 3761 ut
602 3697 777 3781 Epicurum
800 3697 927 3764 duxisse
949 3703 1005 3766 rte
1028 3699 1181 3780 αἰεθήεει(
1202 3701 1254 3765 καὶ

104 3811 286 3890 προλήψει(
313 3811 369 3876 καὶ.
392 3812 432 3874 τὰ
460 3809 563 3892 πάθη,
597 3830 707 3873 verum
737 3808 832 3873 etiam
860 3811 917 3876 τὰ(
945 3813 1158 3890 φανταατικὰε
1188 3811 1254 3874 ἐπι-

105 3921 206 4000 βολὰς
233 3924 289 3999 τῆ(
319 3920 463 3986 διανοίας
489 3917 657 4004 adjecisse,
687 3919 770 4003 quod
793 3941 870 3984 num
893 3919 935 3984 sit
956 3941 1081 4004 verum,
1109 3919 1254 3985 dubitare

104 4029 209 4113 possis
238 4050 277 4092 ex
303 4028 399 4113 Diog.
423 4027 526 4092 Laert.
549 4027 594 4112 X,
617 4029 669 4095 38.
720 4028 925 4096 Philodemus
954 4034 1077 4114 autem,
1110 4031 1255 4115 quamvis

104 4139 231 4223 saepius
260 4137 301 4202 ad
327 4139 486 4220 ἡγεμόνα(
515 4142 547 4202 et
574 4140 793 4221 καθηγεμόνα(
820 4144 977 4223 recurrat,
1005 4141 1145 4226 graviter
1172 4139 1255 4203 affir-

104 4271 212 4334 manS,
242 4271 275 4314 se
297 4270 364 4316 non
387 4249 550 4313 aberrasse
578 4272 695 4314 avaro
718 4249 882 4316 doctrinae
904 4251 1051 4335 Epicuri,
1079 4249 1256 4316 Metrodori

107 4364 139 4425 et
166 4359 357 4425 Hermarchi
386 4359 518 4444 ingenio
548 4359 601 4446 (cf.
626 4359 665 4424 de
687 4359 735 4424 ira
757 4362 804 4426 ed.
829 4362 997 4444 Gomperz.
1020 4382 1093 4446 pag.
1112 4361 1188 4437 144,
1217 4359 1256 4424 de

1016 4479 1052 4534 2ss
