3066 4914
743 318 951 403 ’,ξρ-

425 521 455 576 at
477 518 572 576 claros
594 516 729 574 homines
751 516 910 574 voluerunt
932 533 962 573 se
983 517 1075 590 atquc
1096 517 1232 590 potentes

425 632 458 686 ut
480 627 676 686 fundamento
699 625 798 685 stabili
821 625 943 684 fortuna
964 627 1097 683 maneret
1181 692 1184 702 Ι

426 741 456 795 et
476 737 622 814 placidam
643 738 767 811 possent
788 719 923 810 opulenti
944 735 1050 811 degere
1072 735 1186 798 vitam:

274 867 469 944 Quibuscum
486 867 630 931 conferre
645 866 721 929 licet
734 863 895 928 Plutarch.
912 865 950 928 de
965 866 1068 949 tranq.
1084 865 1184 930 4650
1207 865 1310 950 (stou.
1327 867 1428 930 floril.
1527 939 1528 946 ρ

273 976 425 1062 29,‚79):
448 978 524 1043 ὅθεν
547 977 624 1043 οὐδὲ
646 977 830 1056 Ἐπίκουρος
854 975 954 1041 οἴεται
976 980 1044 1042 δεῖν
1066 976 1247 1060 ἡςυχάζειν,
1276 977 1364 1042 ἀλλὰ
1387 987 1428 1061 τῇ
1527 1015 1528 1028 ι

231 1067 239 1082 ⁸
282 1089 372 1167 πύςει
399 1093 530 1168 χρῆςθαι
557 1087 829 1168 πολιτευομένους
856 1087 908 1151 καὶ
935 1085 1133 1166 πράςςοντας
1160 1089 1200 1152 τὰ
1228 1089 1322 1152 κοινὰ
1345 1091 1429 1154 τοὺς

274 1197 465 1279 φιλοτίμους
493 1200 544 1262 καὶ
565 1197 761 1278 φιλοδόξους
791 1197 836 1261 ὡς
859 1198 981 1274 μᾶλλον
1011 1196 1075 1262 ὑπὸ
1097 1196 1347 1276 ἀπραγμοςύνης
1371 1220 1428 1263 τα-
1527 1183 1528 1210 ³

276 1309 440 1387 ρὰττεςθαι
464 1309 515 1373 καὶ
529 1312 698 1372 κακοῡςθαι
721 1306 920 1388 πεφυκότας,
943 1306 984 1372 ἂν
1001 1305 1047 1371 ῶν
1064 1306 1235 1386 ὀρέγονται
1249 1309 1289 1387 μὴ
1305 1309 1427 1387 τυγχά-

274 1439 382 1484 νωςιν.
413 1416 535 1480 Eadem
551 1415 589 1478 de
605 1437 700 1479 causa
712 1413 913 1479 Metrodorus
925 1413 1137 1480 Timocratem
1152 1415 1251 1479 nimio
1263 1415 1428 1481 honorum
1527 1493 1528 1496 Ἴ

273 1549 292 1590 a
320 1525 448 1590 civitate
475 1525 746 1609 impetrandorum
775 1525 880 1589 studio
908 1526 1074 1590 incensum
1097 1526 1136 1589 ad
1163 1529 1309 1590 naturam
1337 1531 1428 1592 recte
1527 1535 1528 1614 ί

276 1635 469 1719 sequendam
498 1637 635 1698 revocat.
680 1634 792 1717 Neque
821 1638 931 1699 tamen
956 1656 1016 1700 nos
1046 1638 1174 1719 oportet
1194 1635 1370 1720 Epicurum
1394 1642 1429 1702 et
1527 1659 1528 1694 ι

275 1745 492 1810 Metrodorum
508 1745 547 1808 ab
563 1745 652 1808 omni
668 1745 790 1828 patriae
805 1765 913 1808 amore
936 1744 1057 1810 alienos
1072 1746 1171 1809 fuisse
1193 1747 1426 1830 existimemus

275 1878 347 1920 curn
376 1855 546 1919 Brundisio
575 1855 811 1918 consentientes
825 1858 868 1938 V),
897 1854 1070 1919 Timocrati
1099 1855 1138 1920 de
1166 1877 1272 1920 amore
1299 1857 1427 1940 patriae
1527 1841 1528 1854 ί

225 2049 227 2054 Α
275 1966 417 2049 asperius
440 1965 599 2049 appellato
623 1965 852 2048 patrocinante.
898 1962 937 2028 In
955 1965 1111 2048 judicium
1134 1987 1282 2030 vocemus
1303 1965 1427 2052 Dioge·
1527 1953 1528 1996 ί

274 2098 348 2140 nem
370 2075 531 2140 Laertium
559 2074 605 2154 X,
631 2075 687 2148 lOz,
715 2111 757 2122 -
779 2075 934 2154 καὶπρὸς
956 2076 1093 2155 πατρίδα
1115 2078 1223 2156 φιλίας
1245 2076 1383 2143 ἄλεκτος
1405 2081 1425 2158 ἡ

275 2187 421 2253 διάθεςις·
444 2185 607 2268 ὑπερβολῇ
622 2187 683 2264 γὰρ
706 2185 872 2250 ἐπιεικείας
895 2186 973 2251 οὐδὲ
988 2185 1151 2251 πολιτείας
1166 2185 1283 2265 ἥψατο.
1322 2186 1426 2250 Testi-

274 2296 334 2359 bus
356 2295 435 2378 ipsis
458 2293 645 2359 adversariis
662 2293 819 2377 Epicurus
841 2294 876 2357 in
898 2295 1105 2378 opprobrium
1124 2295 1220 2358 vertit
1243 2317 1427 2380 cognomen

276 2407 391 2486 ἐχθρὸς
412 2409 468 2483 τῆς
490 2405 643 2470 Ἑλλάδος
666 2403 743 2486 (vid.
760 2402 856 2489 Diog.
881 2403 984 2468 Laert.
1009 2403 1049 2488 X,
1071 2405 1117 2489 8).
1156 2404 1324 2478 Praetores
1347 2406 1426 2490 legi-

276 2538 346 2579 mus
369 2513 452 2598 apud
476 2513 629 2579 Senecam
652 2513 690 2576 de
713 2514 779 2576 otio
803 2535 868 2598 sap.
894 2537 961 2598 cap.
977 2515 1035 2580 30:
1064 2515 1247 2599 „Epicurus
1270 2515 1329 2579 ait:
1358 2538 1426 2580 non

276 2624 404 2690 accedet
426 2623 465 2687 ad
488 2622 717 2706 rempublicam
741 2623 883 2706 sapione,
906 2625 1018 2687 nisisi
1041 2624 1117 2708 quid
1138 2624 1382 2690 intarvenerit“.

335 2815 337 2820 X
361 2737 408 2800 ἘΞ
430 2735 529 2814 ἀρχῆς
557 2732 656 2817 igitur
684 2755 703 2796 a
730 2733 1059 2816 rerumpublicarum
1087 2756 1162 2799 cura
1183 2757 1251 2799 non
1273 2740 1425 2800 avocatur

277 2843 418 2926 sapiens,
441 2842 537 2906 modo
553 2864 680 2907 auream
695 2845 806 2907 teneat
818 2843 1071 2909 mediocritatem
1086 2882 1126 2891 -
1142 2848 1220 2926 μήτε
1235 2847 1330 2929 λέων,
1347 2849 1424 2926 μήτε

277 2958 398 3034 κώνωψ
422 2989 463 3000 -
484 2973 552 3016 non
578 2951 732 3016 excedens
755 2952 885 3016 modum
907 2953 941 3016 in
963 2957 1071 3038 partes
1094 2954 1278 3019 contrarias.
1323 2955 1425 3021 Inter·

277 3065 352 3128 dum
371 3063 466 3128 enim
497 3062 565 3125 fieri
592 3065 714 3145 potest,
750 3066 787 3126 ut
818 3063 945 3146 sapiens
979 3064 1134 3147 ejusmodi
1167 3066 1424 3149 perturbationes

277 3173 404 3254 subeat,
437 3171 587 3236 videlicet
621 3171 749 3236 civitate
782 3173 816 3236 in
851 3173 992 3257 periculo
1026 3178 1181 3239 versante.
1231 3174 1293 3240 His
1326 3177 1425 3262 igitur

278 3265 415 3367 cognitis
444 3281 504 3344 tibi
526 3303 593 3345 non
615 3281 731 3346 mirum
752 3283 927 3366 videbitur,
956 3285 1040 3367 quod
1062 3288 1207 3365 πολιτική
1234 3309 1253 3349 a
1273 3286 1424 3371 principi-

277 3394 337 3457 bus
366 3395 450 3456 certe
479 3390 709 3476 Epicureorum
742 3395 863 3474 ἱςτορία
893 3397 944 3458 καὶ
971 3395 1184 3474 παρατήρηςις
1212 3398 1424 3477 ςυνηςκημένη

277 3505 422 3586 vocatur,
450 3506 487 3566 ut
513 3503 558 3566 ait
579 3501 785 3567 Philodemus
815 3504 853 3567 de
875 3502 993 3568 rhetor.
1016 3505 1051 3566 in
1074 3503 1108 3570 O.
1132 3505 1171 3568 A.
1195 3503 1257 3588 IV,
1280 3505 1321 3570 93
1351 3505 1422 3589 (Ox.

278 3611 320 3695 ΙΙ,
338 3612 429 3697 101),
452 3613 506 3696 qui
528 3612 657 3696 quidem
678 3597 748 3697 ipse
769 3613 933 3677 dissentit:
957 3652 998 3661 -
1013 3616 1064 3679 καί
1079 3617 1136 3693 τὴν
1155 3608 1321 3694 πολιτικὴν
1344 3615 1424 3682 itro-

226 3801 227 3806 ἵ
279 3724 349 3803 ρίαν
370 3725 441 3788 τινὰ
468 3725 519 3789 καὶ
545 3724 760 3802 παρατήρηςιν
788 3727 1023 3805 ςννηςκημένην
1046 3724 1106 3803 οὐχ
1128 3723 1234 3807 ἡμεῖς,
1263 3723 1348 3790 ἀλλὰ
1371 3726 1424 3790 κά-

279 3837 382 3898 κεῖνοι
401 3834 511 3916 (eaput
532 3832 627 3916 hujus
650 3833 811 3897 enunciati
833 3833 895 3897 vid.
919 3833 1040 3918 scriptt.
1064 3855 1150 3896 num.
1169 3834 1232 3918 14).
1271 3831 1319 3898 Of.
1337 3831 1371 3898 O.
1387 3834 1423 3898 Α.

279 3941 323 4025 V,
346 3943 387 4006 58
423 3941 522 4025 (rhet.
546 3942 752 4028 Philonem).
797 3943 909 4027 Neque
943 3965 1037 4008 curae
1069 3943 1262 4026 reipublicae
1295 3943 1423 4008 modum

278 4051 403 4117 videtur
431 4052 568 4136 sapienti
597 4052 732 4118 eundem
759 4055 949 4138 imposuisse
971 4075 1009 4118 ac
1030 4051 1209 4136 principes,
1237 4053 1276 4117 da
1303 4075 1424 4137 quare

347 4291 368 4356 ')
391 4287 423 4342 In
445 4287 529 4355 libro,
558 4288 607 4356 qui
632 4287 794 4343 inscribitur
823 4289 1011 4357 „Geschichte
1039 4289 1089 4343 der
1112 4287 1349 4358 Entwicklungen
1376 4289 1424 4343 dcr

278 4372 382 4442 griech.
400 4373 529 4441 Philos.“,
547 4381 570 4432 2.
584 4373 680 4428 Halfte
701 4378 779 4440 1864,
798 4390 863 4443 pag.
876 4381 916 4429 50.
