3066 4914
578 336 786 400 ...57-

87 505 170 570 vide
202 504 379 590 Lucignan.
408 504 447 568 ad
474 504 652 570 Philodem.
686 505 724 570 de
751 505 855 590 gratia
883 505 941 568 ool.
966 506 1005 568 10
1032 505 1066 570 in
1093 505 1128 570 0.
1152 505 1188 570 P.
1211 505 1251 570 X.
1329 535 1332 542 ¹

89 615 146 680 Of.
176 614 335 680 Gassend.
359 614 536 679 animadvv.
560 614 595 679 in
609 614 706 699 Diog.
722 615 826 679 Laert.
850 615 904 679 lib.
924 614 954 678 X
976 637 1049 700 pag.
1067 616 1150 680 1642
1164 637 1251 698 seqq.

90 727 186 790 sicut
209 726 326 810 Augei.
351 725 453 791 Scotti
481 725 580 809 praef.
612 724 653 789 ad
675 724 852 789 Philodem.
875 725 993 791 rhetor.
1021 726 1055 789 in
1078 724 1112 792 O.
1136 725 1171 789 P.
1194 703 1251 789 IV.

91 835 254 900 Ceterum
276 815 585 919 apudiiiceronem,
612 834 834 918 Plutarchum,
858 834 938 899 alios
960 834 1000 899 de
1022 835 1252 919 Epicureorum

93 947 291 1030 contemptu
313 944 506 1030 reipublicae
529 945 600 1017 loci.
615 947 743 1009 exstant
764 945 922 1028 permulti.
943 1019 945 1023 ¹

151 1045 163 1058 ⁶
187 1071 370 1160 Sequuntur
398 1073 486 1137 varia
519 1073 699 1158 fragmenta
726 1072 766 1136 ad
794 1073 877 1137 vitae
904 1072 1155 1138 moderationem
1183 1095 1252 1157 spe-

96 1183 234 1247 etantia.

622 1293 735 1364 XXII..

257 1427 330 1492 Seu.
355 1428 446 1512 epist.
470 1427 616 1518 LXXXI,
642 1429 690 1492 10.

187 1564 389 1628 Metrodorus
418 1567 503 1629 certe
531 1565 590 1646 ait,
625 1565 729 1629 solum
757 1565 933 1648 sapientem
967 1565 1084 1630 referre
1115 1565 1251 1648 gratiam

99 1696 192 1739 sc1re.

186 1861 248 1925 His
270 1862 375 1926 verbis
398 1861 586 1936 succedunt:
609 1861 762 1944 „Deinde
776 1862 861 1926 idem
877 1861 1065 1944 admiratur,
1089 1883 1160 1940 cum
1176 1861 1251 1924 dici-

81 1995 188 2056 ·mus:
212 1971 299 2035 solus
322 1972 448 2056 sapiens
472 1973 532 2037 scit
553 1994 673 2056 amare,
697 1972 783 2036 solus
807 1972 934 2054 sapiens
958 1971 1077 2034 amicus
1101 1969 1183 2064 est“.
1211 2009 1251 2016 —
1278 2059 1281 2064 .

102 2082 247 2165 „Deinde
269 2081 353 2144 idem
375 2081 565 2164 admiratur,
589 2083 673 2167 quod
689 2083 840 2165 dicimus,
864 2081 956 2146 fidem
974 2081 1038 2144 nisi
1060 2080 1093 2144 in
1107 2081 1251 2164 sapiente

103 2214 169 2256 non
192 2213 278 2275 esse,
301 2195 451 2275 tanquam
473 2214 539 2255 non
559 2193 628 2277 ipse
650 2192 734 2256 idem
757 2191 879 2256 dicat“.

189 2319 239 2384 Of.
268 2318 395 2402 Epicur.
425 2325 507 2402 apud
536 2317 630 2404 Diog.
658 2320 761 2384 Laert.
786 2319 830 2401 X,
857 2319 943 2382 1185
968 2322 1067 2399 μόνον
1095 2342 1130 2384 τε
1159 2319 1250 2398 χάριν

105 2433 184 2498 ἕξειν
212 2431 271 2496 τὸν
295 2433 400 2511 (ῡφὸν
429 2431 534 2510 φίλοι(
557 2434 608 2495 καὶ
630 2435 766 2510 παροῡει
789 2433 838 2494 καὶ
867 2429 1003 2494 ἀποῦειν
1028 2430 1155 2509 ὁμοίως.
1200 2428 1251 2490 Ab

105 2541 243 2624 Epicuro
271 2542 364 2623 grata
385 2540 539 2604 bonorum
568 2542 812 2624 praeteritorum
841 2539 1020 2604 recordatio
1043 2538 1179 2601 maximo
1202 2560 1251 2601 ur-

105 2650 238 2734 gebatur
267 2648 353 2732 (Oia
381 2651 420 2713 de
448 2650 536 2714 finib.
560 2649 591 2732 I,
617 2652 670 2733 17,
692 2652 754 2735 57)
782 2649 928 2733 idemque
956 2652 1037 2714 teste
1066 2647 1186 2713 Seneca
1213 2649 1251 2712 de

106 2761 209 2824 benef.
237 2758 346 2842 111,4
373 2760 498 2824 assidue
526 2761 729 2843 querebatur,
764 2760 876 2843 „quod
904 2759 1053 2823 adversus
1081 2759 1253 2842 praeterita
1318 2770 1319 2775 ’

107 2871 203 2933 simus
233 2870 369 2954 ingrati,
399 2871 501 2953 quod,
533 2891 737 2954 quaecunque
759 2869 958 2953 percepimus
986 2869 1086 2949 bona,
1114 2891 1180 2932 non
1204 2869 1253 2952 (in

14 3049 15 3072 ,
107 2979 303 3062 memoriam)
326 2980 528 3062 reducamuS,
556 3001 616 3044 nec
639 2980 724 3044 inter
738 2979 919 3062 voluptates
940 3001 1157 3042 numeremus:
1180 3000 1252 3042 eum

108 3089 221 3154 certior
242 3090 331 3153 nulla
353 3089 396 3153 sit
417 3091 577 3173 volupiae,
609 3112 703 3173 quam
726 3112 805 3172 quae
823 3092 891 3173 jam
920 3089 999 3172 eripi
1022 3109 1088 3151 non
1109 3090 1251 3171 potest“.

14 3271 16 3302 ἶ
109 3199 153 3264 Cf.
168 3199 344 3284 Lucignan.
368 3199 466 3282 praef.
490 3199 528 3262 ad
545 3199 720 3263 Philodem.
745 3199 784 3262 de
800 3199 904 3282 gratia
926 3198 1140 3282 compluribus
1163 3198 1252 3281 iocis,

14 3385 15 3396 χ
109 3331 198 3392 quem
221 3309 338 3373 librum
360 3309 467 3392 potius
490 3309 654 3373 restitutor
677 3309 851 3374 coniecisse
874 3307 1012 3392 videtur,
1036 3330 1130 3392 quam
1145 3307 1251 3372 Philo-

110 3419 223 3483 demus.

612 3529 732 3584 xxm.

257 3663 433 3730 Philodem.
463 3664 502 3727 de
524 3664 572 3728 ira
593 3664 656 3728 tab.
679 3665 719 3728 68
741 3664 775 3726 in
797 3663 830 3728 (i.
856 3664 892 3726 A.
917 3663 933 3726 I
956 3664 1029 3748 (Ox.
1053 3663 1067 3727 I
1090 3686 1162 3748 pag.
1186 3665 1251 3735 81).

307 3773 367 3838 Ed.
382 3774 551 3857 Gomperz.
568 3772 654 3856 Lips
666 3773 756 3836 1864.
773 3795 846 3858 pag.
857 3774 916 3837 148
924 3795 987 3857 seq.
997 3775 1025 3856 ¹)
1042 3774 1097 3857 (=
1114 3774 1173 3838 col.
1185 3774 1251 3858 45)-

192 3913 249 3977 Καὶ
280 3912 343 3990 γὰρ
376 3910 395 3975 ὁ
428 3909 613 3988 Ἐπίκουρος
647 3909 683 3975 ἐν
716 3913 784 3975 ταῖς
816 3910 1072 3989 Ἀναφωνήεεειν
1105 3915 1254 3992 διαεαφεῖ

114 4021 220 4106 (τό,)τε
249 4021 484 4102 θυμωθήεεεθαῑ
514 4019 564 4084 καὶ
592 4021 628 4085 τὸ
658 4019 807 4098 μετρίως·
845 4021 897 4084 καὶ
923 4019 942 4084 ὁ
971 4020 1198 4100 Μητρόδοροε,
1227 4021 1254 4085 εἰ

116 4195 306 4204 -.....---

14 4265 15 4332 i
146 4304 152 4312 r
174 4292 194 4357 ι)
214 4289 253 4344 cf.
266 4289 427 4344 sueorum.
439 4289 469 4343 in
487 4287 719 4356 ,‚Zeitsohriftfrir
731 4287 757 4341 u
771 4289 822 4343 ost.
836 4287 1023 4358 Gymnesios*
1041 4287 1093 4342 xv
1111 4270 1250 4358 pag-'soa

14 4447 15 4452 ἵ
115 4373 236 4443 Spenget
254 4374 283 4428 in
301 4373 483 4444 ‚‚Philologo“
503 4379 568 4429 1863
587 4374 683 4444 Suppl.
696 4381 724 4436 2,
742 4389 807 4446 pag.
819 4379 877 4430 520.
