3066 4914
781 333 991 398 ...18ΜΡ

314 495 511 569 celebrarent
533 501 644 590 (Diog.
654 503 758 569 Laert.
772 503 812 586 X,
828 505 875 569 18.
893 503 958 570 Cic.
975 503 1013 568 de
1028 503 1115 568 finib.
1132 503 1241 587 II,31,
1256 504 1325 568 101.
1344 502 1467 570 Athen.

313 613 456 698 deipnos.
475 612 547 696 VH,
563 612 627 678 298
642 612 697 700 D).

398 723 489 800 Quod
512 722 552 787 ad
575 723 751 788 Metrodori
772 723 1010 808 philosophiam
1034 727 1173 808 spectat,
1196 725 1466 808 quemadmodum

313 834 406 920 signa
433 833 580 918 magistri
607 837 732 899 secutus
755 833 798 898 sit
826 835 955 918 ejusque
981 834 1160 918 praeceptis
1189 834 1466 918 obsecundaverit,

312 944 480 1010 dilucidius
504 945 683 1028 apparebit,
706 943 749 1028 si,
773 944 875 1027 qualis
898 942 1126 1027 discipulorum
1148 944 1182 1007 in
1205 945 1390 1010 universum
1414 966 1465 1009 11-

311 1053 437 1138 gitandi
464 1055 578 1118 modus
600 1055 712 1138 fuerit,
742 1054 818 1118 satis
842 1053 1024 1118 eruerimus.
1069 1055 1118 1120 Ne
1141 1055 1240 1119 simus
1263 1054 1369 1139 longi,
1401 1055 1463 1118 duo

311 1165 481 1248 praecipue
504 1166 674 1248 scriptores
698 1164 774 1248 quid
795 1161 855 1228 hac
878 1162 917 1227 de
938 1185 972 1228 re
996 1165 1172 1248 senserint,
1198 1165 1332 1248 jamjam
1355 1163 1464 1248 explo-

313 1297 429 1340 remus.
479 1276 528 1339 Ac
556 1275 695 1359 primum
723 1274 816 1338 nobis
850 1272 1046 1337 afferendum
1073 1277 1123 1338 111
1149 1274 1355 1340 notissimum
1383 1274 1463 1337 illud

311 1383 477 1468 Numenii,
511 1383 696 1468 philosophi
723 1383 965 1468 Neoplatonici,
997 1405 1036 1448 ex
1063 1383 1181 1450 Euseb.
1210 1405 1318 1467 praep.
1348 1391 1461 1468 evang}

311 1494 404 1578 XIV,
427 1495 497 1581 5¹),
533 1495 617 1578 quod
644 1497 751 1559 mente
779 1495 818 1558 ab
846 1494 972 1578 injuriis
1006 1494 1109 1559 aliena
1138 1494 1292 1577 scriptum
1326 1492 1459 1557 videtur.

310 1604 475 1670 iudicium
508 1606 577 1688 pari
610 1605 778 1669 severitate
811 1605 931 1669 fectum
968 1625 1123 1687 nusquam
1157 1603 1234 1668 alibi
1270 1603 1459 1668 invenimus

311 1714 455 1790 Quocum
470 1713 598 1797 quidem
612 1714 742 1798 plurimi
761 1737 811 1779 vv.
827 1714 878 1779 dd.
902 1716 1090 1798 comparant
1110 1712 1189 1778 illud
1205 1711 1345 1780 Senecae
1368 1713 1459 1798 epist.

310 1823 466 1889 XXXHI:
503 1824 613 1908 „apud
646 1825 726 1888 istos
755 1824 905 1908 quiequid
932 1823 1148 1888 Hermarchus
1175 1822 1273 1904 dixit,
1310 1823 1460 1907 quicquid

310 1933 511 2000 Metrodorus
517 1983 527 2017 ,
554 1934 594 1998 ad
617 1956 716 1998 unum
737 1934 881 1998 refertur.
927 1933 1059 2017 Omnia,
1087 1955 1167 2017 quae
1190 1933 1323 2017 quisque
1345 1933 1381 1997 in
1403 1932 1457 1996 illo

310 2045 519 2109 contubernio
542 2044 667 2108 locutus
690 2047 753 2128 111,
781 2044 875 2108 unius
903 2029 999 2108 ductu
1022 2046 1054 2108 et
1076 2043 1226 2128 auspiciis
1255 2043 1339 2107 dicta
1361 2045 1460 2108 sunt“

311 2154 374 2240 (cf.
399 2154 564 2219 Octavian.
595 2153 634 2218 ad
657 2153 834 2218 Philodem.
858 2153 975 2218 rhetor.
999 2154 1098 2238 praef.
1123 2153 1158 2219 0.
1181 2153 1217 2218 P.
1240 2152 1285 2236 V,
1311 2156 1328 2216 1
1352 2154 1458 2238 511),

310 2265 366 2330 sed
392 2264 455 2329 hoc
483 2264 539 2328 illo
562 2263 716 2330 Numenii
743 2265 841 2349 longe
864 2264 966 2328 lenius
994 2286 1062 2328 esse
1085 2265 1205 2329 dictum
1226 2263 1389 2327 neminem
1412 2284 1457 2326 so·

311 2375 414 2439 brium
435 2375 547 2459 fugiat.
585 2373 688 2438 lmmo
710 2373 831 2439 Seneca
852 2374 1027 2458 Epicureos
1051 2373 1285 2458 quodammodo
1308 2373 1456 2453 laudavit,

310 2486 364 2570 qui
380 2484 472 2569 quasi
495 2485 552 2548 sub
568 2506 644 2568 rege
666 2487 788 2566 essent,
812 2488 848 2548 11
870 2483 967 2547 etiam
988 2484 1181 2548 nobilissimi
1199 2483 1247 2547 nil
1269 2483 1456 2568 cogitarent,

311 2596 375 2659 nisi
403 2595 488 2678 quod
517 2594 612 2658 certis
640 2593 863 2678 philosophiae
884 2593 1060 2677 Epicureae
1089 2593 1190 2679 signis
1218 2596 1365 2658 notatum
1388 2615 1455 2657 con-

310 2704 479 2789 spicerent.
516 2701 587 2769 Hoc
609 2724 676 2768 non
698 2703 792 2768 dubie
817 2704 883 2769 vult
899 2703 1035 2788 Seneca,
1059 2704 1234 2770 certamin
1255 2702 1456 2787 philosophia

310 2813 542 2898 Epicureorum
563 2814 668 2878 inesse
690 2817 846 2898 mentem,
870 2837 932 2898 qua
954 2815 994 2878 ab
1017 2815 1112 2880 sectis
1135 2812 1207 2878 aliis
1226 2813 1320 2877 facile
1343 2813 1454 2877 discer-

309 2927 436 2990 nantur.
480 2923 634 2989 Numenii
661 2901 736 2988 vcro
761 2924 917 3008 judicium
944 2925 1069 2989 etiamsi
1098 2925 1137 2988 ad
1164 2945 1314 3010 magnam
1343 2922 1454 3008 Epicu-

309 3056 437 3100 reorum
452 3033 579 3098 turbam
601 3037 687 3099 recte
708 3034 879 3118 referatur,
902 3035 1059 3120 imprimis
1073 3037 1182 3101 tamen
1204 3055 1242 3098 ex
1264 3034 1335 3117 ipsa
1355 3032 1464 3117 philo«

314 3144 408 3230 sophi
430 3146 533 3209 aetate
556 3143 726 3228 repetitum
750 3147 843 3228 atque
865 3145 900 3208 in
922 3144 1065 3210 scholam
1094 3145 1274 3208 universam
1296 3144 1452 3208 immerito

309 3256 500 3320 translatum
522 3253 657 3322 videtur.
703 3246 808 3339 Atque
836 3276 936 3338 usque
959 3254 998 3319 ad
1019 3256 1160 3341 Augusti
1188 3257 1325 3320 aetatem
1347 3254 1451 3336 fuisse,

378 3451 395 3514 ¹)
414 3448 466 3502 Ed.
485 3447 585 3502 Gaist:
608 3451 702 3505 Τοῦτο
720 3451 751 3504 όὲ
769 3450 795 3504 οἱ
815 3449 1010 3518 Ἐπικούρειοι,
1030 3452 1082 3504 οὐκ
1102 3452 1217 3516 ὤφελον
1236 3450 1299 3514 μὲν,
1319 3449 1452 3514 μαθόντε(

309 3537 334 3588 δ’
351 3535 417 3602 ούν,
437 3535 473 3589 ὲν
491 3535 608 3588 ούδενί
627 3536 676 3600 μὲν
695 3537 832 3604 ύιφθηεαν
852 3535 1004 3603 Ἐπικούρῳ
1023 3536 1137 3589 ἐναντία
1155 3535 1266 3600 θέμενοι
1284 3535 1452 3599 ούδαμῶε,

312 3619 539 3687 ὁμολογὴεαντες
561 3620 592 3673 δὲ
615 3619 687 3674 εἶναι
711 3625 790 3687 (οφῷ
815 3620 1028 3686 ςυνδεδογμένοι
1051 3623 1096 3672 καί
1119 3620 1199 3672 αὐτοὶ
1221 3619 1266 3671 διὰ
1283 3621 1371 3671 τοῦτο
1393 3620 1452 3672 ἀπέ-

309 3707 414 3758 raucae
437 3709 489 3771 τῆ(
511 3705 692 3772 προςρήςεω(
715 3704 845 3758 εἰκότως·
869 3705 977 3771 ὑπῆρξέ
998 3720 1031 3757 τε
1054 3704 1086 3757 ἐκ
1103 3708 1155 3758 τοῦ
1173 3704 1220 3758 ἐπὶ
1243 3705 1375 3756 πλεῑετον
1396 3709 1452 3755 τοῑε

310 3790 462 3856 μετέπειτα
480 3788 689 3856 Ἐπικουρείοις,
710 3793 745 3854 μή
764 3791 790 3842 δ’
802 3789 898 3845 αὐτοῖς
916 3788 1007 3842 εἰπεῖν
1026 3805 1072 3842 um
1092 3787 1222 3842 ἐναντίον
1240 3787 1308 3840 οὔτε
1326 3787 1452 3854 ἀλλήλοις

309 3875 376 3928 ούτε
401 3873 557 3942 Ἐπικούρῳ
582 3875 688 3942 μηδὲν
712 3873 762 3928 εἰς
786 3875 906 3941 μηδὲν,
935 3875 1003 3927 ὅτου
1031 3873 1076 3936 καὶ
1099 3875 1253 3939 μνηεθῆναι
1276 3873 1368 3924 diros·
1396 3873 1452 3924 ἀλλ’

310 3960 384 4024 ἐςτιν
403 3960 500 4014 αὐτοῖς
519 3959 723 4026 παρανόμημα,
748 3959 855 4024 μᾶλλον
872 3959 903 4012 δὲ
921 3959 1056 4024 ἀεέβημα,
1075 3959 1120 4024 καὶΙ
1138 3943 1330 4021 κατέγνιῦεται
1347 3957 1383 4009 τό
1401 3971 1452 4009 και-

313 4045 478 4113 νοτομηθέν.
511 4045 561 4098 Καὶ
578 4046 622 4098 διὰ
639 4048 726 4097 τοῦτο
745 4045 859 4097 οὐδεὶς
878 4043 958 4097 οὐδὲ
975 4044 1097 4110 τολμᾷ,
1117 4042 1189 4095 κατὰ
1207 4043 1318 4105 πολλὴν
1336 4041 1367 4094 δὲ
1384 4040 1450 4107 εἰρή-

310 4146 364 4196 νην
376 4129 474 4184 αὒτοῑε
493 4131 590 4198 ἠρεμεῖ
601 4130 638 4184 τὰ
649 4128 777 4194 δόγματα
795 4129 854 4182 ύπό
865 4132 917 4194 τῆς
935 4128 967 4180 ἐν
985 4127 1118 4192 ἀλλήλοις
1136 4124 1189 4179 αἰεί
1201 4141 1273 4179 ποτε
1286 4125 1450 4192 ειιμφωνίαε.

309 4213 400 4268 Ἔοικέ
424 4230 456 4268 τε
480 4215 497 4278 ἡ
519 4214 683 4280 Ἐπικούρου
706 4213 830 4279 διατριβὴ
855 4211 982 4282 πολιτείᾳ
1000 4211 1056 4264 τινὶ
1074 4210 1185 4277 ἀληθεῖ,
1209 4209 1448 4279 severianorum,

309 4301 405 4354 κοινόν
431 4299 481 4353 ἓνα
503 4303 587 4364 νούν,
612 4297 677 4364 μίαν
695 4297 815 4364 γνώμην
833 4297 947 4366 ἐχούεῃ·
971 4297 1027 4361 ἀφ’
1044 4295 1079 4362 ἡ(
1095 4295 1166 4362 ῆεαν
1185 4294 1230 4349 καί
1248 4294 1315 4348 είειν
1333 4298 1392 4362 καί,
1415 4297 1449 4347 ὡς

308 4385 413 4452 ἔοικεν,
432 4386 542 4438 ἔεονται
559 4383 771 4450 φιλακόλουθοι.
