3066 4914
649 321 960 420 'fre-

189 493 193 500 ’
280 505 363 569 tour
390 503 420 579 γ’
448 501 558 581 ἄρτιοτ
589 500 678 566 codd.
707 500 838 584 optimis
866 499 1001 584 probata
1028 498 1107 563 mihi
1135 499 1259 584 arrisit,
1294 501 1439 584 praetuli

280 615 387 676 tamen
400 613 463 692 γάρ
479 633 525 678 τι(
546 632 617 676 oum
633 610 948 704 SchweighaeuserO,
971 608 1119 674 Fickerto
1137 610 1270 694 aliisque
1292 610 1436 675 Senecae

164 745 166 748 ·
282 725 408 787 secutus
423 721 729 805 interpretationem.
754 718 840 795 Quae
851 721 974 784 restant
988 719 1184 784 enucleanda
1202 721 1264 786 ΑΙΚ
1279 720 1435 786 ΥΓΓΗ(0

280 833 440 916 ΥΠΕΙΝ,
462 831 501 894 iis
515 831 612 894 verba
627 827 939 914 comprehenduntur
960 827 1115 894 aSeneea
1137 828 1266 913 obliqua
1286 829 1434 896 oratione
1530 813 1531 822 ἵ

281 940 393 1005 allata:
417 943 587 1026 cognatam
601 940 767 1021 tristitiae,
783 939 866 1003 bano
882 961 950 1004 esse
965 939 1165 1030 captandam.
1195 937 1260 1023 (Of.
1277 939 1431 1003 directam

271 1052 460 1115 orationem
482 1050 585 1134 §25).
630 1049 799 1114 Variarum
822 1050 1075 1132 conjecturarum
1097 1047 1176 1112 mihi
1198 1048 1338 1131 pessima
1362 1069 1430 1112 esse

245 1206 249 1214 -
282 1161 407 1224 videtur
429 1159 737 1244 Schweighaeuseri,
766 1163 840 1222 ante
862 1159 964 1238 ἡδονή
986 1160 1132 1223 lacunam
1154 1158 1340 1241 statuentis,
1364 1179 1430 1222 ver·

284 1271 333 1334 bis
355 1271 440 1355 λύπῃ
464 1273 618 1349 τυγγενή(
639 1268 835 1352 replendam.
881 1268 973 1343 Quod
995 1268 1094 1332 miror
1108 1267 1292 1332 Fickertum
1314 1289 1430 1351 appro-

283 1381 390 1463 basse,
414 1379 618 1462 praesrtim,
641 1399 780 1461 cumea,
804 1399 883 1461 quae
905 1378 989 1442 inter
1010 1379 1113 1458 ἡδονή
1129 1380 1162 1441 et
1177 1379 1255 1443 κατά
1269 1377 1430 1462 leguntur,

283 1489 407 1552 duobus
429 1488 533 1552 verbis
556 1490 596 1566 ἣν
619 1491 802 1568 κυνηγετεῖν
825 1487 1001 1571 exprimere
1023 1486 1107 1551 velit.
1151 1485 1232 1550 Mihi
1255 1487 1362 1550 locum
1384 1473 1430 1550 re

282 1598 431 1663 sarcienti
454 1599 495 1662 ob
518 1597 628 1661 oculos
651 1597 858 1661 versabantur
879 1597 1004 1661 litterae
1026 1597 1181 1680 reliquae,
1204 1617 1281 1680 quas
1301 1596 1429 1679 potissi·

282 1731 369 1773 mum
385 1710 511 1772 secutus
526 1707 710 1790 neutiquam
734 1707 863 1791 opinor,
886 1728 936 1770 me
951 1728 1038 1771 mera
1052 1706 1218 1770 refluxisse
1237 1709 1429 1771 commenta.

283 1819 353 1894 Qua
380 1840 455 1883 usus
479 1839 549 1882 sum
570 1817 733 1882 reficiendi
756 1817 895 1898 ratione,
923 1837 993 1880 eam
1014 1816 1245 1900 propemodum
1266 1817 1355 1899 ipsae
1378 1816 1429 1880 lit-

281 1933 368 1992 terae
394 1928 615 2012 postulabant,
643 1927 676 1989 id
699 1926 784 2011 qnod
811 1927 948 1996 maxime
970 1926 1109 2010 patebit,
1137 1927 1163 1990 si
1186 1927 1334 1990 restituta
1356 1927 1430 1990 sub-

278 2039 442 2124 scripsero
464 2035 683 2101 restituendis:

449 2157 511 2222 ΑΙΚ
671 2156 744 2220 ΥΠ
794 2155 870 2220 Η(0
949 2157 1004 2220 ΥΤ
1123 2201 1124 2206 1
1183 2156 1269 2221 ΤΕΙΝ

419 2239 1079 2326 ΤΗΙΛΥΠΗ(Ι)(ΥΓΓΕΝΗ(ΘΗΡΕΥῘΕοΝ
1103 2241 1265 2305 ΤΑΥῘΗΝ

282 2368 376 2435 Unde
399 2368 515 2451 elucet,
545 2366 657 2430 similis
680 2366 888 2450 aequalesque
916 2366 1038 2430 litteras
1066 2367 1100 2429 in
1122 2387 1220 2430 unum
1250 2368 1430 2431 contractas

282 2500 365 2542 esse:
394 2478 508 2544 ΥΠΗ(
528 2508 570 2530 =
592 2465 774 2559 Yl'l—liC,
797 2478 952 2542 ΕΥῘΕΟΝ
975 2505 1018 2534 =
1038 2478 1186 2560 ΑΥΤΗΝ,
1209 2476 1311 2541 oculis
1333 2477 1429 2540 libra-

281 2589 400 2652 riorum
430 2587 559 2652 inscitia
584 2585 732 2654 turbatis.
783 2585 875 2661 Quod
897 2589 1020 2669 spectat
1048 2570 1086 2650 ad
1115 2588 1305 2672 θηρευτέον,
1334 2584 1429 2650 Dal‘-

282 2697 446 2780 ohampius
468 2696 606 2760 correxit
624 2697 826 2780 ΖΗΤΗΤΕΗ,
849 2697 949 2780 quod,
972 2697 1115 2780 quamvis
1135 2696 1245 2761 multis
1266 2697 1429 2780 placuerit,

281 2811 412 2902 propter
433 2806 589 2870 minorem
611 2806 788 2870 litterarum
811 2809 1001 2871 concentum
1022 2806 1171 2891 amplecti
1193 2807 1292 2872 nolui.
1337 2806 1430 2870 Prae·
1530 2885 1531 2888 Ἴ

281 2921 368 2982 terea
390 2918 421 2981 vi
442 2917 477 2979 in
503 2917 599 2980 verbo
623 2916 772 3000 captandi
794 2917 899 3001 posita
920 2916 1173 3001 impersonaliter
1195 2919 1267 2984 -έον
1290 2917 1429 2981 scriben-
1530 2959 1531 2962 =

281 3027 357 3090 dum
384 3026 505 3110 putavi.
560 3024 706 3111 Imagine
734 3025 819 3090 haud
854 3025 1006 3091 inusitata
1034 3028 1180 3108 θηρεύειν
1215 3026 1299 3091 idem
1333 3027 1426 3109 valet,

282 3136 366 3220 quod
395 3136 504 3199 venari
537 3158 592 3201 seu
620 3157 779 3219 quaerere.
831 3134 880 3202 cf.
902 3136 1033 3221 Epicur.
1061 3138 1207 3222 iiagmm
1235 3137 1274 3200 de
1301 3140 1368 3202 nat.
1395 3137 1428 3200 in
1530 3155 1531 3168 ¹

282 3244 317 3310 C.
339 3244 375 3309 P.
397 3244 427 3308 X
450 3245 509 3310 col.
533 3246 589 3311 27:
617 3247 762 3326 θηρεύειν
784 3249 842 3328 τὴν
865 3247 977 3328 ἀρχήν.
1021 3245 1153 3312 Isocrat.
1177 3247 1218 3311 ad
1237 3247 1373 3312 Demon.
1393 3248 1427 3310 5:

281 3351 338 3422 τὰὲ
352 3357 474 3435 ἡδονὰς
489 3357 650 3440 θηρεύειν,
675 3358 763 3441 cujus
786 3357 912 3442 generis
934 3357 1027 3441 plura
1048 3357 1120 3422 ride
1142 3357 1225 3442 apud
1241 3357 1426 3422 Boisscnad.

281 3463 321 3529 ad
343 3463 494 3530 Philostr.
517 3465 644 3530 Hercic.
661 3488 740 3552 pag.
756 3466 818 3532 608
842 3470 875 3532 et
897 3466 934 3532 0.
951 3467 990 3532 G.
1005 3466 1117 3533 Jacob.
1140 3469 1274 3552 quaestt.
1297 3467 1425 3532 Lucian.

282 3597 350 3659 cap.
368 3575 393 3640 1.

278 3741 279 3746 ,
366 3686 517 3750 Declarat
545 3686 608 3752 hoc
637 3688 806 3752 enunciato
829 3687 1045 3772 Metrodorus,
1075 3688 1273 3773 voluptatem
1300 3689 1335 3752 in
1362 3688 1430 3772 ipsa

282 3797 413 3861 tristitia
434 3797 603 3878 latentem,
627 3798 717 3882 eique
739 3799 818 3862 adeo
842 3802 1013 3883 cognatam
1033 3799 1177 3883 reperiri.
1207 3797 1307 3864 Nulla
1323 3799 1430 3882 potest

283 3907 418 3991 cog-itari
432 3907 577 3991 tristitia,
600 3908 664 3972 nisi
686 3908 738 3972 cui
760 3908 890 3992 aliquod
905 3909 1079 3993 voluptatis
1100 3912 1296 3974 momentum
1319 3909 1362 3974 sit
1383 3909 1428 3973 in-

281 4019 402 4081 natum.
446 4016 534 4101 Ergo
562 4017 651 4082 illam
679 4021 806 4102 captare
834 4020 1030 4103 voluptatem
1057 4039 1125 4084 non
1153 4022 1201 4083 est
1227 4019 1312 4083 idem
1336 4022 1428 4102 atque

282 4127 410 4191 aliunde
438 4148 586 4211 quaerere
620 4128 768 4192 tristitiae
795 4129 985 4208 remedium,
1020 4127 1048 4192 si
1078 4129 1160 4194 forte
1189 4129 1351 4194 minuatur
1380 4128 1429 4194 vel

236 4257 238 4262 ·
282 4240 503 4326 compensetur
525 4238 740 4302 cumflaetitia
762 4238 863 4303 dolor.
902 4237 950 4303 cf.
975 4236 1096 4303 dictum
1110 4237 1241 4322 Epicuri
1263 4261 1314 4325 ap.
1334 4238 1427 4324 Diog.

281 4345 385 4411 Laert.
409 4345 454 4430 X,
476 4347 518 4410 22
541 4347 625 4430 (Cic.
650 4349 689 4412 de
710 4348 798 4414 finib.
821 4348 863 4431 11,
886 4348 964 4432 30):
987 4348 1274 4429 ἀντιπαρετάττετο
1297 4353 1333 4417 δὲ
1356 4353 1428 4417 adu
