3066 4914
693 293 901 356 „40-

432 465 578 548 Nusqum
601 463 677 527 alibi
692 462 871 545 Leucippus
889 463 1021 525 vocatur
1036 463 1214 541 καθηγητήε
1228 460 1373 545 Epicuri.

432 573 556 657 Ecquid
571 594 645 636 vero
661 572 700 636 de
716 573 853 636 lectione
866 571 1007 656 genuina
1022 571 1277 636 contendamus?
1299 570 1375 636 Una

434 684 519 749 enirn
542 684 641 747 altera
663 682 765 747 nihilo
787 681 993 766 probabilior.
1035 681 1243 764 Reliquorum
1266 684 1373 745 autern

433 793 623 878 placitorum
637 771 732 856 tacile
747 792 982 875 praetermittes
997 794 1159 856 auctorem
1169 790 1372 877 Epicureum,

434 905 461 969 si
482 903 561 968 haec
582 901 804 967 tantummodo
828 902 1028 986 cognoveris:
1094 967 1095 970 ,
1240 894 1243 901 ’

310 1016 343 1101 a)
366 1014 555 1097 Ubicunque
571 1013 770 1077 Metrodorus
792 1034 857 1078 una
871 1034 943 1077 cum
957 1011 1097 1096 Epicuro
1121 1012 1275 1096 laudatur,
1299 1010 1374 1077 huic

227 1125 397 1207 antecedit,
420 1125 606 1208 plerumque
621 1124 826 1208 Anaxagora,
847 1122 1047 1205 Parmenide,
1070 1122 1267 1206 Democrit0,
1289 1122 1372 1186 aliis-

183 1259 186 1264 *
227 1258 303 1321 que,
326 1236 380 1320 qui
395 1235 497 1300 multo
521 1238 595 1298 ante
609 1233 784 1316 Epicurum
806 1233 995 1319 floruerunt,
1008 1231 1219 1316 'philosophis
1242 1233 1373 1297 circum·

219 1347 330 1416 datus.
377 1345 440 1430 (uf.
464 1343 570 1410 Schol.
594 1343 633 1407 ad
654 1345 744 1407 Arat.
769 1343 856 1427 940.)

110 1459 111 1463 ’
311 1456 347 1543 b)
382 1455 421 1520 In
454 1455 637 1519 universum
668 1453 832 1518 dumtaxat
858 1451 1044 1537 philosophi
1071 1439 1223 1533 citantur,
1260 1454 1373 1538 quibus

229 1567 366 1633 maxime
395 1565 554 1630 rationum
578 1565 755 1630 declaratur
776 1564 958 1650 progressio
987 1585 1058 1628 oum
1081 1564 1212 1630 omnino
1234 1564 1375 1648 philoso-

94 1681 95 1684 ’
228 1677 366 1762 phandi,
388 1678 457 1740 tum
479 1676 635 1759 imprimis
658 1675 697 1739 de
719 1674 874 1759 physion,
899 1696 1130 1758 nonnunquam
1152 1674 1248 1740 modo
1272 1677 1376 1740 sectae

148 1817 150 1822 ’
229 1787 400 1852 laudantur
421 1786 681 1868 Platonicorum,
706 1785 900 1869 Stoicorum,
922 1784 1207 1870 Pythagoreorum.

314 1899 353 1982 ο)
381 1896 457 1980 Ipsa
484 1895 660 1961 Metrodori
688 1895 821 1980 placita,
856 1895 922 1959 fere
951 1896 1059 1958 omnia
1086 1895 1125 1958 ab
1154 1894 1286 1978 Epicuri
1313 1918 1379 1960 una

229 2009 365 2074 laudatis
380 2004 529 2070 nonnihil
546 2005 762 2090 discedentia,
786 2005 982 2090 singularem
997 2005 1031 2068 in
1047 2005 1188 2089 physicis
1204 2007 1379 2071 ostendunt

230 2121 380 2184 mentem.
431 2115 539 2194 Adde,
575 2116 660 2199 quod
687 2115 783 2199 plane
811 2115 846 2178 in
875 2115 1065 2179 contrariam
1093 2115 1160 2179 abit
1188 2117 1378 2182 sententiam

230 2227 432 2294 Metrodorus
468 2226 502 2289 in
519 2247 552 2290 er
583 2225 802 2290 Democritum
839 2227 871 2288 et
901 2224 1114 2310 Protagoram
1150 2225 1258 2290 illatus
1296 2230 1379 2310 apud

231 2341 391 2406 Joannem
424 2329 661 2401 Damascenum
696 2335 731 2398 in
765 2335 936 2420 Florilegio
975 2336 1052 2418 (vid.
1089 2335 1177 2400 sub.
1210 2335 1295 2400 Flor.
1330 2337 1377 2401 ed.

232 2449 371 2514 Meinek.
393 2450 470 2511 tom.
487 2444 534 2510 IV
555 2467 628 2530 pag.
646 2445 706 2509 147
723 2445 843 2531 seqq),
865 2445 983 2528 quippe
1005 2446 1056 2511 oui
1078 2447 1379 2526 percensuerat

232 2562 386 2640 uictrices(
420 2556 577 2640 judicanti
611 2555 718 2639 paullo
755 2559 830 2638 post
865 2555 1056 2641 adjungatur
1088 2557 1245 2640 Epicurus
1284 2558 1377 2642 (ibid.

232 2692 305 2755 pag.
322 2669 400 2751 234)
424 2671 527 2733 πᾶταν
544 2665 682 2746 alconem
698 2666 857 2746 -ἀληθῆ
881 2667 1074 2732 existimans.
1105 2665 1184 2732 (lum
1200 2665 1250 2731 his
1271 2671 1379 2734 tamen

233 2781 366 2864 quisque
399 2776 597 2841 confusionis
632 2776 871 2860 cognoscendae
906 2777 1038 2861 cupidus
1072 2780 1234 2860 comparet
1262 2778 1378 2843 Euseb.

232 2892 253 2955 1.
279 2913 304 2955 ο.
328 2888 414 2966 XIV,
440 2887 501 2952 766
516 2885 615 2950 A.·B:
638 2887 715 2952 τοὺ(
737 2889 816 2953 κατὰ
839 2889 1062 2968 Μητρόδωρον
1085 2891 1136 2953 καὶ
1156 2889 1378 2970 Πρωταγόραν

234 3001 346 3082 μόναι(
374 3001 442 3064 δεῖν
470 2998 655 3077 φὰτκοντατ
682 2979 762 3064 ταῑτ
779 3003 838 3064 τοῦ
867 3000 1013 3080 τώματοε
1035 2999 1190 3066 πιττεύειν
1219 2999 1379 3079 uictricem.

235 3108 384 3175 Ceterum
411 3107 476 3170 utri
503 3105 560 3170 illa
586 3106 755 3171 tribuenda
782 3107 848 3172 sint
873 3108 1007 3195 placita,
1036 3107 1157 3174 Chione
1184 3107 1379 3195 Metrodor0,

234 3217 411 3284 Democriti
426 3215 570 3299 auditori,
594 3239 635 3280 an
649 3217 885 3302 Lampsaceno,
909 3220 1122 3304 Anaxagorae
1137 3219 1304 3304 discipulo,
1328 3223 1382 3284 aut

235 3351 314 3413 quae
336 3328 477 3410 utrique,
501 3327 646 3410 equidem
664 3327 789 3411 dubito,
811 3351 889 3392 num
911 3350 1051 3412 unquam
1067 3329 1162 3393 certis
1185 3330 1380 3414 argumentis

234 3439 336 3524 possit
358 3437 571 3522 comprobari,
600 3459 704 3522 neque
731 3437 825 3522 hujus
853 3439 1048 3522 quaestionis
1078 3439 1302 3523 disceptandas
1329 3428 1393 3504 1110Ι
1512 3519 1513 3525 ¹

236 3552 284 3614 est
305 3549 393 3614 locus
415 3547 559 3612 idoneus

319 3659 393 3724 Jarn
407 3657 591 3723 Athenaeus
606 3658 665 3742 IX,
681 3659 741 3724 391
757 3659 787 3722 D
810 3660 922 3723 scribit
942 3659 1073 3726 haecce:
1096 3661 1147 3725 καὶ
1163 3663 1383 3742 Μητρόδωρος
1510 3718 1512 3743 ,

236 3773 264 3836 δ’
280 3771 315 3836 ἐν
337 3771 477 3855 τῷττερὶ
499 3771 663 3850 τονηθείατ
685 3769 967 3849 ἀντορχουμένους
990 3771 1085 3852 φητὶν
1107 3770 1284 3836 allectam
1305 3773 1382 3837 robe

237 3885 371 3947 τκῶττατ.
415 3879 502 3954 Quae
524 3879 842 3964 Schweighaeuserus
872 3879 920 3964 (in
940 3879 1061 3964 indice)
1087 3879 1259 3946 verisimile
1287 3880 1384 3945 habet
1486 3915 1510 3947 ·.

237 3990 276 4054 ad
291 3988 508 4054 Metrodorum
524 3989 716 4072 Epicureum
737 3989 907 4072 pertinere,
930 3990 986 4053 sed
1007 3989 1101 4074 hujus
1124 3991 1285 4073 opinionis
1309 4012 1382 4057 oau-

237 4121 305 4164 sam
327 4099 416 4164 addit
436 4099 566 4163 nullam.
610 4098 778 4183 Menagius
801 4119 890 4183 vere,
913 4099 967 4182 qui
990 4099 1044 4182 (ad
1062 4099 1158 4184 Diog.
1181 4099 1286 4164 Laert.
1310 4099 1382 4184 VH,

239 4209 315 4293 198)
338 4231 356 4272 0
377 4209 452 4272 libri
474 4208 662 4292 Chrysippei
690 4208 898 4290 inscriptione
920 4211 1000 4274 κατὰ
1023 4211 1187 4289 τυνηθείαε
1209 4212 1291 4290 πρὸ(
1316 4213 1380 4290 Μη-

237 4321 406 4400 τρόδωρον
430 4317 486 4403 (of.
502 4316 662 4382 Plutarch.
684 4317 723 4380 de
738 4316 835 4381 stote.
852 4339 986 4402 repugn.
1006 4319 1087 4384 1056
1103 4319 1144 4403 O)
1168 4318 1382 4404 Chrysippum
