3066 4914
750 330 961 397 ..(54.-

365 503 523 589 Epicurus
546 506 578 568 et
600 500 803 568 Metrodorus
826 501 902 585 quid
925 501 985 566 sibi
1008 500 1060 566 hic
1082 501 1254 587 voluerint,
1284 523 1362 567 cave
1387 522 1439 567 se·

283 637 338 680 cns
360 615 514 700 dijudices
530 612 692 678 Bruckero
714 613 910 696 assentiens,
934 612 1008 676 illos
1022 613 1183 697 principes
1206 613 1333 678 scholae
1357 635 1438 677 suae
1526 605 1527 694 J

281 725 440 809 principia
455 725 623 788 denotasse
639 724 725 808 (pag.
744 723 849 800 1234).
886 722 990 786 Immo
1006 744 1079 786 cum
1094 722 1270 807 Epicureos
1292 724 1436 806 aequali·
1526 715 1527 720 ¹

235 833 237 838 ’
282 837 341 900 bus
356 833 556 917 philosophis
571 855 700 917 prorsus
715 833 813 898 fuisse
828 833 957 917 ignotos
973 832 1107 917 cogitari
1122 835 1268 916 nequeat,
1288 833 1436 917 quando-

283 945 410 1029 quidem
425 943 485 1007 hos
501 943 542 1007 ab
557 944 621 1007 illis
637 943 840 1007 vehemente1
854 944 985 1006 vexatos
1002 956 1085 1024 esse,
1102 945 1151 1005 sat
1166 946 1215 1006 est
1230 941 1435 1025 exploratum

283 1054 538 1137 testimoniisque
561 1052 797 1134 confirmatum,
828 1052 922 1116 aliam
944 1053 1180 1137 ignobilitatem
1203 1051 1341 1136 intelligi
1364 1073 1433 1115 non

283 1165 374 1247 licet,
402 1163 465 1227 nisi
487 1164 673 1247 popularem
698 1161 868 1246 (Epicurus
891 1162 990 1247 igitur
1013 1164 1184 1242 siemundi<
1207 1162 1266 1225 ait:
1295 1161 1353 1224 illa
1375 1183 1433 1226 no·
1527 1227 1528 1236 J

284 1275 356 1339 bilis
373 1273 529 1356 Graecia).
567 1275 612 1336 nt
634 1272 807 1355 Epicurus,
831 1271 1032 1335 nobilitatem
1055 1293 1208 1354 spernens
1214 1320 1224 1354 ,
1246 1271 1353 1334 noluit
1374 1294 1433 1355 pro

283 1383 402 1467 populo
432 1383 616 1446 concionari
650 1385 683 1446 et
710 1403 790 1464 quae
823 1382 970 1463 sentiret,
1005 1382 1200 1472 perscribere
1228 1382 1341 1444 maluit
1370 1383 1432 1466 (cf.
1527 1369 1528 1380 J

284 1493 380 1577 Diog.
396 1493 500 1556 Laert.
523 1491 566 1574 X,
590 1492 649 1555 119
665 1513 729 1575 seq.
744 1494 787 1575 Υ),
810 1513 949 1574 namque
971 1492 1135 1575 praecepit
1156 1490 1236 1554 illud
1258 1492 1334 1556 λάθε
1359 1495 1433 1572 βιώ-

283 1625 346 1669 εοε.
377 1602 450 1668 Vid.
466 1601 627 1666 Plutarch.
651 1601 690 1664 de
712 1601 767 1664 lat.
784 1602 845 1665 viv.
858 1604 891 1683 ²).
935 1599 1008 1665 Huc
1031 1600 1167 1684 accedit,
1191 1601 1275 1685 quod
1291 1601 1433 1685 Epicuro

283 1713 356 1776 vivo
379 1712 516 1796 populus
538 1712 632 1775 rebus
648 1711 784 1795 publicis
806 1711 897 1774 valde
919 1711 1111 1775 turbulentis
1133 1711 1173 1774 ad
1195 1711 1265 1793 ipsa
1286 1714 1434 1795 tempora

284 1823 469 1906 diligentius
498 1821 695 1885 observanda
724 1820 920 1905 adigebatur.
964 1820 1033 1885 Nec
1061 1821 1203 1904 queritur
1229 1819 1433 1884 Metrodorus

284 1933 322 1996 de
345 1932 563 2017 ignobilitate,
586 1931 642 1995 sed
664 1932 770 2014 potius
793 1931 831 1993 de
854 1951 891 1994 eo
898 1980 907 2013 ,
931 1930 1015 2013 quod
1038 1950 1104 1994 non
1126 1931 1171 1994 ita
1192 1930 1285 1994 multi
1299 1929 1435 2014 Epicuri
1528 2001 1529 2006 J

284 2042 443 2105 rationem
472 2041 599 2105 vivendi
622 2063 732 2106 revera
753 2040 954 2125 gloriandum
976 2041 1076 2104 secuti
1099 2041 1178 2125 sint,
1206 2041 1300 2105 rebus
1328 2041 1434 2124 publi·

284 2153 329 2216 cis
350 2151 510 2234 distracti3
532 2151 678 2235 idemque
693 2151 825 2234 Epicuri
847 2151 1064 2236 cognitionem
1086 2151 1283 2234 temporibus
1306 2151 1347 2214 ad
1361 2151 1434 2234 plri-

284 2261 463 2346 lcscphiam
485 2262 589 2346 magis
610 2261 778 2345 propensis
801 2261 1028 2326 accuratiorem
1049 2261 1119 2324 fore
1141 2261 1304 2344 praedicit.

795 2437 914 2494 XXXI.

435 2566 595 2632 Plutarch.
618 2588 685 2630 non
707 2588 801 2650 posse
824 2588 910 2631 suan.
932 2567 1005 2630 vin·
1018 2568 1101 2632 1094
1115 2567 1152 2632 E.
1529 2643 1530 2662 J

369 2680 450 2757 Περὶ
465 2679 500 2742 δὲ
517 2682 571 2756 τῆε
594 2677 748 2758 ἱετορίαε,
770 2676 825 2742 ἵνα
839 2680 899 2757 τὴν
914 2677 1016 2756 ἄλλην
1038 2678 1194 2756 ἀνηκοΐαν
1209 2679 1308 2762 ἐάτω,
1331 2701 1434 2759 παρα·
1529 2677 1530 2740 ζ

287 2790 420 2869 θήεομαι
443 2788 527 2868 μόνα
553 2789 594 2852 τὰ
616 2788 855 2870 Μητροδώρου,
885 2787 1072 2868 γράφοντος
1094 2789 1130 2854 ἐν
1151 2792 1219 2854 τοῐε
1240 2789 1314 2868 περὶ
1341 2811 1433 2870 ποιη-

285 2899 409 2977 μάτων·
433 2898 531 2964 Ὅθεν
548 2899 625 2978 μηδὲ
641 2897 757 2962 εἰδέναι
773 2897 922 2981 φάεκων,
944 2896 1023 2992 μετά
1038 2899 1188 2978 ποτέρων
1204 2899 1243 2979 ἦν
1265 2899 1283 2962 ὁ
1299 2896 1433 2978 Ἕκτωρ,

284 3009 304 3086 ἢ
326 3010 403 3074 τοὺε
425 3007 575 3086 π’ρώτουε
598 2987 724 3086 ετίχουε
745 3011 801 3085 τῆς
821 3006 962 3087 Ὁμήρου
984 3009 1157 3092 ποιήεεωε,
1179 3009 1313 3086 ἢπάλιν
1333 3011 1375 3075 τὰ
1397 3011 1434 3075 ἐν

259 3155 261 3160 .
288 3120 388 3202 μέεῳ,
411 3119 452 3198 μὴ
473 3117 638 3202 macnu-

369 3318 457 3393 Quae
485 3319 525 3382 ad
552 3318 583 3383 h.
613 3318 633 3382 l.
663 3320 840 3405 annotabo,
874 3342 912 3385 ea
940 3321 1035 3384 simul
1060 3321 1100 3384 ad
1129 3321 1252 3406 scriptt.
1280 3344 1369 3387 num.
1394 3325 1434 3386 10

285 3429 386 3493 relata
407 3429 491 3494 vole.
536 3429 588 3493 Ab
610 3428 751 3513 Epicuro
773 3431 933 3514 principe,
960 3431 1013 3514 qui
1041 3430 1144 3494 solum
1175 3432 1283 3516 ajebat
1308 3433 1433 3516 sapien-

284 3541 348 3602 tem
372 3539 411 3603 de
433 3539 553 3603 musica
575 3543 606 3603 et
627 3541 717 3623 po'esi
739 3544 825 3605 recte
843 3541 987 3624 judicare
1008 3562 1102 3624 posse
1131 3540 1242 3626 (Dicg.
1265 3541 1369 3607 Laert.
1393 3542 1432 3624 X,

228 3657 232 3663 '
287 3649 376 3733 121),
406 3649 445 3711 de
468 3651 537 3733 ipsa
559 3650 648 3733 poesi
671 3651 755 3714 inter
777 3650 950 3733 discipulos
978 3649 1056 3715 haec
1078 3651 1187 3733 opinio
1210 3651 1433 3736 divulgabatur

284 3758 389 3822 verbis
413 3779 508 3841 quam
523 3759 723 3842 paucissimis
744 3781 892 3843 expressa
908 3759 1017 3844 (Diog.
1033 3759 1137 3824 Laert.
1153 3760 1174 3824 l.
1190 3762 1249 3846 c.):
1271 3763 1434 3842 ποιήματά

353 4032 375 4098 ¹)
398 4029 509 4098 Epicur.
532 4045 578 4099 ap.
600 4031 663 4085 Sen.
686 4033 767 4100 epist
789 4031 892 4086 XXIX:
915 4047 1058 4098 nunquam
1081 4021 1159 4086 uolui
1181 4031 1288 4101 populo
1310 4032 1433 4102 placere,

284 4129 444 4208 namquae
464 4130 516 4184 ego
534 4116 605 4181 sci0,
631 4131 687 4169 non
709 4116 813 4184 probat
834 4116 968 4185 populus3
994 4133 1068 4184 quae
1095 4117 1199 4184 probat
1219 4119 1354 4186 populus,
1381 4135 1433 4187 ego

284 4215 387 4252 nescio.

354 4286 374 4351 ²)
397 4283 508 4351 Epicur.
526 4301 571 4352 ap.
590 4284 670 4352 Diog.
688 4285 779 4341 Laert
798 4284 838 4351 X,
858 4292 906 4340 120
923 4285 973 4340 in:
996 4287 1121 4341 εὐδοξία(
1143 4287 1347 4342 ἐπίτοεοῦτον
1367 4306 1432 4355 προ-

285 4370 430 4437 νοήεεεθαι
449 4370 639 4437 (sapientem),
660 4371 707 4437 ἐφ’
723 4373 789 4424 dccv
808 4373 845 4438 μὴ
864 4371 1133 4438 κατοφρονήεεεθαι.
