3066 4914
593 331 781 393 -7.„.

93 501 291 564 veniuntur.
329 497 548 564 Metrodorum
564 519 638 561 vero
662 497 806 560 omnium
821 497 920 560 fuisse
935 496 1163 579 clarissimum,
1187 518 1259 561 cum

93 611 258 694 nonsit,
288 610 372 692 quod
400 609 537 693 amplius
565 607 825 692 comprobemus,
856 607 1021 672 Gessendo
1050 607 1259 690 astipulantes

97 719 163 804 (cf.
191 719 232 785 de
255 719 334 803 vita,
358 719 498 782 moribus
522 722 554 782 et
576 718 721 783 doctrina
735 717 868 801 Epicuri
889 717 915 801 l,
932 717 965 803 8)
989 738 1055 781 non
1077 717 1176 780 alium
1197 716 1259 781 hoc
1332 717 1335 725 “

96 831 178 894 1000
195 812 408 894 memoratum
424 832 582 913 putamus,
605 829 668 892 nisi
690 828 796 911 illum,
819 827 873 911 qui
896 826 981 891 solus
996 827 1110 892 ceteris
1133 826 1260 908 εφόδρα

98 942 291 1020 ἐλλογίμω(
307 938 495 1024 0010000011;
519 961 610 1022 nam,
633 939 687 1022 qui
698 938 792 1022 juxta
807 937 1046 1032 eumlleguntur
1061 920 1259 1002 Timocrates

99 1053 135 1112 et
160 1048 302 1133 Sandes,
332 1050 355 1113 ii
382 1049 480 1114 etiam
501 1049 669 1112 verborum
698 1047 982 1112 conformationem
1003 1025 1133 1131 prorsus
1160 1047 1257 1112 inter-

100 1161 278 1244 rumpunt,
308 1181 386 1243 qua,
417 1159 600 1252 quaeinde
629 1159 670 1222 ab
698 1161 735 1224 ὃ(
757 1159 816 1239 ἀφ>
838 1157 877 1224 οὗ
906 1138 1099 1242 sequuntur,
1127 1150 1257 1222 omnino

101 1273 183 1334 sunt
207 1269 245 1334 de
267 1269 460 1334 Metrodoro.

193 1379 319 1463 Nempe
340 1378 493 1444 Vossium
522 1380 577 1464 (de
599 1379 711 1446 histor.
734 1399 841 1463 graec.
866 1377 914 1442 ed.
938 1377 1108 1442 Westerm.
1131 1401 1164 1462 p.
1182 1379 1255 1462 108)

102 1491 218 1554 omnia
249 1489 381 1554 confuse
409 1489 651 1574 perturbantem
673 1490 766 1553 mitto
789 1509 849 1554 nec
871 1488 988 1572 probo,
1016 1489 1099 1572 quod
1123 1492 1197 1553 ante
1220 1491 1258 1555 tc

103 1601 164 1682 ἀφ’
188 1599 228 1666 οὗ
251 1599 443 1692 Meibomius
465 1600 512 1666 ὧν
539 1601 559 1664 ὁ
581 1602 638 1679 μὲν
663 1601 882 1680 Μητρόδωρος
909 1599 959 1663 vel
982 1598 1085 1662 simile
1107 1599 1183 1682 quid
1205 1621 1256 1663 ex-

103 1709 222 1773 cidisse
246 1712 358 1792 putat,
394 1731 457 1792 qua
487 1710 670 1792 conjectura
697 1709 886 1773 Huehnerus
915 1711 1093 1773 commotus
1122 1711 1187 1791 est,
1220 1712 1257 1773 ut

104 1819 261 1883 asterisco
284 1820 431 1884 lacunam
453 1822 588 1883 notaret.
617 1819 730 1884 'Recte
758 1818 866 1902 potius
890 1817 1073 1884 Gassendus
1096 1817 1255 1884 000011110-

104 1952 201 2012 num,
229 1933 288 2012 pro
312 1931 480 2009 Ἀθηναῖον
504 1932 688 1994 censentem
710 1931 879 2008 Ἀθήναιον
902 1929 1073 2014 legendum
1096 1950 1179 2011 esse,
1208 1951 1255 1994 re-

104 2041 216 2104 futans
251 2060 355 2122 neque
391 2039 551 2104 Athenaei
587 2038 772 2123 philosophi
808 2038 957 2122 Epicurei
998 2059 1102 2122 neque
1140 2037 1255 2104 Sandis

105 2149 317 2233 Lampsaceni
335 2171 468 2232 usquam
484 2149 560 2213 alibi
582 2149 778 2213 mentionem
793 2149 862 2212 fieri
884 2148 1003 2213 docuit.
1040 2147 1254 2214 Timocratem
1336 2191 1342 2202 ·

106 2281 181 2324 vero
204 2258 381 2322 Metrodori
402 2259 533 2324 fratrem
561 2281 580 2322 0
601 2259 747 2343 Diogene
775 2259 837 2323 hoc
864 2259 936 2324 loco
964 2259 999 2322 in
1022 2280 1155 2322 numero
1177 2259 1253 2344 Epi-

107 2391 273 2436 cureorum
301 2368 437 2433 maxime
462 2369 633 2432 illustrium
656 2369 781 2452 haberi,
810 2370 982 2453 praeeunte
1006 2369 1171 2433 Gassendo
1199 2391 1253 2434 ne-

106 2502 228 2564 gamus.
265 2479 351 2545 Nam
374 2481 401 2543 si
423 2481 477 2543 ille
498 2483 625 2563 praeter
639 2477 860 2544 Metrodorum
882 2479 979 2544 etiam
1002 2479 1082 2543 alios
1100 2480 1254 2544 voluisset

107 2590 283 2673 Epicureos
318 2589 420 2654 claros
447 2611 627 2674 recensere,
661 2590 847 2674 priusquam
875 2588 1108 2654 Hermarchum
1135 2592 1167 2654 et
1194 2590 1253 2654 Po·

108 2702 254 2785 lyaenum
288 2699 468 2782 induceret,
506 2699 575 2782 sine
604 2700 700 2764 dubio
729 2701 886 2764 nonnulla
919 2700 958 2764 de
992 2721 1100 2764 eorum
1127 2701 1194 2765 vita
1221 2704 1253 2766 et

110 2810 256 2895 operibus
278 2810 485 2894 exposuisset.
508 2845 550 2857 —
571 2809 683 2894 Neque
705 2810 785 2874 mihi
800 2808 884 2894 quod
898 2809 1037 2874 Cobetus
1056 2811 1091 2874 111
1106 2812 1251 2894 exemplo

109 2942 164 2985 suo
188 2919 304 3005 (Paris.
328 2919 412 3003 apud
426 2918 524 2987 Firm.
540 2919 640 2984 Didot
662 2943 689 2984 a.
708 2920 790 2985 1850
812 2919 881 2984 sine
903 2919 1077 2984 lectionum
1099 2920 1252 2984 varietate
1384 2965 1385 2968 ¹

109 3031 208 3117 edito)
230 3025 659 3114 restituendum'praecepit:
683 3032 836 3110 Μαθητὰς
857 3069 940 3075 ——
963 3031 1089 3112 (φόδρα
1111 3032 1139 3096 δ’
1159 3032 1251 3096 ἐλλο-

109 3143 216 3222 γίμους
238 3141 255 3178 *
277 3143 445 3220 Ἀθηναῖον
474 3143 525 3206 καὶ
546 3141 744 3223 Τιμοκράτην
772 3141 824 3205 καὶ
852 3141 1073 3220 Μητρόδωρον
1095 3142 1251 3222 Λαμψακ.,

110 3253 144 3316 ὃ(
166 3251 222 3333 ἀφ’
244 3250 283 3316 οὗ
311 3253 375 3316 κτλ.
404 3250 470 3313 11110
492 3251 587 3315 modo
616 3248 734 3313 arridet
760 3249 946 3332 videturque
973 3249 1021 3313 vir
1049 3250 1256 3314 doctissimus·

111 3383 195 3425 suam
217 3360 331 3444 ipsine,
355 3381 417 3442 qua
439 3363 476 3427 dc
499 3382 570 3424 cum
595 3361 815 3443 Μητρόδωρον
839 3359 1055 3444 copularetur,
1082 3360 1251 3424 110111001-

110 3471 247 3535 hibuisse
274 3470 441 3535 rationem.
486 3471 668 3556 Diogenem
697 3472 803 3534 autem
825 3469 1009 3533 Metrodoro
1032 3470 1112 3534 alios
1135 3469 1250 3553 Epicu-

110 3602 176 3645 reos
190 3580 392 3664 praemisisse
407 3581 538 3644 minime
554 3580 665 3670 claros,
680 3601 793 3664 parum
809 3581 858 3642 est
871 3579 1056 3664 verisimile,
1072 3602 1131 3644 nec
1147 3580 1250 3664 magis

98 3809 174 3882 δην.
216 3798 324 3883 Adde,
348 3800 432 3884 quod
453 3822 572 3864 nomen
586 3799 737 3884 Epicurei
760 3799 936 3884 cujuspiam
958 3799 1154 3865 desideratur
1175 3804 1249 3864 ante

112 3912 283 3992 Ἀθηναῖον.
328 3909 496 3985 Quaeritur
522 3909 635 3994 igItur,
669 3910 828 3993 quomodo
851 3909 944 3992 illud,
979 3910 1064 3993 quod
1086 3910 1249 3995 Diogenes

112 4021 295 4103 exaraverit,
323 4041 361 4083 ex
388 4020 444 4104 iis,
474 4041 554 4104 quae
576 4020 672 4104 vulgo
700 4019 865 4104 leguntur,
894 4021 961 4085 erui
987 4020 1099 4105 possit.
1145 4019 1248 4085 Locus

113 4154 181 4196 sane
202 4129 346 4194 funditus
374 4133 505 4196 sanatur
531 4129 655 4194 ratione
678 4130 850 4214 Gasseudi,
879 4131 986 4196 onmia
1013 4131 1247 4212 111101Μητρό-

113 4248 212 4321 δωρον
234 4241 514 4321 -Λαμψακηνόν
542 4240 732 4325 interposita
754 4241 966 4326 expungenda
988 4240 1187 4324 arbitrantis,
1215 4241 1248 4305 id

114 4350 189 4435 quod
210 4349 379 4435 Menagius
408 4353 440 4414 et
461 4349 622 4434 Stanlejus
650 4349 743 4436 (hist.
766 4351 881 4435 philos.
905 4350 1002 4434 XIII,
1024 4351 1064 4436 8)
1092 4350 1247 4435 approba-
