3066 4914
754 338 962 448 544-

283 510 442 593 prolatum
470 531 548 573 esse.
598 507 702 584 Quare
730 529 808 571 num
835 507 884 572 vir
915 507 1117 573 doctissimus
1146 530 1252 574 veram
1280 509 1440 594 Epicurei

283 620 477 684 intellexerit
498 618 697 702 opinionem,
727 617 920 682 addubitem.
965 617 1101 683 Videtur
1122 619 1229 702 potius
1257 620 1314 684 ille
1335 621 1439 686 verba

284 730 443 813 accepisse
459 729 497 793 de
512 729 578 793 vita
598 730 673 812 post
687 730 822 792 mortem
842 727 950 791 futura
965 728 1074 792 sinon
1094 728 1226 812 inscite,
1250 732 1334 794 certe
1357 752 1435 795 con-

265 840 376 904 sulto.
421 839 469 904 cf.
493 838 641 903 Gentian.
664 837 839 904 Hcrvetum
861 837 901 901 ad
923 837 954 902 h.
971 839 1010 902 l.:
1033 837 1234 921 „admonens
1256 839 1433 905 Menestra-

282 953 366 1034 tum,
388 953 425 1013 ut
444 971 519 1028 ¹cum
535 950 578 1013 sit
599 948 744 1014 mortalis
768 987 805 994 -
830 949 937 1012 anime
958 948 1108 1013 ascendet
1130 952 1163 1012 et
1184 933 1431 1034 contempletur,

190 1131 191 1134 γ
283 1061 384 1124 donec
398 1060 505 1125 videat
519 1060 659 1124 seculum
674 1081 730 1124 seu
748 1081 874 1142 sevum,
897 1059 935 1123 id
958 1061 1018 1123 est
1039 1059 1347 1125 aeternitatem“
1371 1065 1431 1126 oet.

282 1170 359 1235 Non
385 1151 503 1253 ratior,
536 1170 591 1234 sed
625 1169 774 1254 quoniam
805 1169 867 1234 fuit
893 1168 1084 1253 Epicureus,
1117 1168 1195 1234 haec
1223 1170 1304 1234 dixit
1333 1171 1431 1235 verbe

277 1280 498 1364 Metrodorus,
520 1301 657 1363 quorum
675 1280 834 1344 sententia
855 1301 923 1344 non
944 1280 990 1344 ita
1009 1279 1181 1364 judicando
1203 1282 1252 1344 est
1273 1281 1371 1364 elate,
1395 1285 1432 1345 ut

282 1412 320 1455 ee.
340 1389 551 1475 philosophus
574 1391 693 1457 ἑνθέως
714 1391 829 1455 fecisse
851 1389 1004 1454 videatur.
1047 1389 1154 1454 Etiam
1170 1390 1319 1474 Pythocli
1339 1413 1429 1474 prse-

285 1501 362 1584 cipit
389 1500 547 1584 Epicurus
576 1500 659 1584 apud
688 1498 867 1585 Diogenem
893 1500 939 1584 X,
969 1501 1043 1566 116:
1083 1501 1216 1582 μάλιςτα
1243 1503 1279 1566 δὲ
1306 1509 1429 1586 ςεαυτῷ

284 1611 463 1678 ἀποδώςεις
484 1614 542 1691 τὴν
559 1617 625 1679 τῶν
649 1611 758 1692 ἀρχῶν
782 1613 834 1677 καὶ
855 1611 1000 1691 ἀπειρία(
1022 1612 1153 1677 καὶτῶν
1169 1619 1333 1690 ςαγγενῦιν
1356 1614 1430 1678 τοῦ-

284 1745 351 1790 τοις
380 1723 525 1802 θεωρίαν.
568 1720 819 1786 Psrscrutcndee
846 1742 951 1785 rerum
973 1721 1140 1786 infinitatis
1163 1721 1236 1784 finis
1263 1721 1299 1785 in
1321 1743 1359 1787 eo
1383 1724 1432 1786 est

282 1833 421 1916 positus,
449 1835 485 1896 ut
505 1835 633 1897 nosmet
659 1832 722 1916 ipsi
744 1831 948 1916 expediamus
971 1853 1009 1896 ex
1031 1832 1210 1896 fabularum
1232 1835 1346 1916 metu,
1363 1833 1430 1916 qui-

281 1942 341 2006 bus
363 1943 462 2007 vitam
484 1945 558 2026 post
580 1942 716 2025 obitum,
739 1963 834 2025 quam
850 1942 973 2025 dicunt,
996 1941 1135 2005 futurem
1157 1940 1303 2008 homines
1325 1941 1429 2027 inepti

284 2053 529 2136 compleverunt.
559 2051 672 2135 Neque
688 2053 773 2116 enim
789 2074 827 2116 ex
841 2051 936 2117 rebus
950 2052 1130 2117 terminetis
1145 2051 1291 2116 homines
1308 2074 1430 2137 angore

283 2163 414 2228 cruciati
436 2163 632 2249 voluptatem
646 2162 829 2246 perfectam.
844 2184 956 2246 cepere
970 2166 1115 2247 possunt.
1146 2161 1193 2228 uf.
1210 2161 1305 2247 Diog.
1321 2161 1428 2228 Laert.

282 2275 328 2358 X,
353 2273 515 2340 142143.
560 2243 790 2344 Μοποαῦιειῦαιά
812 2294 904 2357 vere,
933 2273 1076 2358 quemvis
1099 2273 1206 2338 animo
1234 2273 1430 2337 escendisset

281 2406 380 2469 usque
402 2385 442 2448 ad
463 2406 514 2448 res
535 2405 703 2467 rerumque
725 2405 834 2448 causas
857 2384 1033 2448 accuratius
1057 2383 1218 2468 cognitas,
1247 2404 1352 2466 neque
1373 2381 1429 2447 he·

282 2495 403 2559 buisset
425 2495 469 2559 eis
492 2495 630 2580 cognitis
636 2544 645 2577 ,
674 2494 758 2578 quod
780 2496 951 2587 metueret,
980 2494 1083 2558 denuo
1105 2493 1284 2557 futurorum
1312 2493 1428 2558 timore

280 2604 405 2669 videtur
426 2604 525 2669 fuisse
548 2603 727 2669 obstrictus.
772 2603 821 2669 Of.
845 2603 980 2668 Metrod.
1004 2605 1128 2688 scriptt.
1151 2604 1304 2669 num.19.

824 2773 875 2828 lv.

432 2875 594 2940 Plutarch.
617 2897 684 2940 non
705 2896 799 2959 posse
822 2897 906 2940 suar.
930 2876 990 2940 viv.
1016 2876 1096 2940 1091
1113 2876 1152 2939 Α.

365 2987 424 3052 Ὥς
447 2988 522 3067 φηςὶ
545 2987 764 3066 Μητρόδωρος
792 2986 827 3052 ἐν
855 2989 922 3051 τοῖς
944 2987 1026 3065 πρὸς
1048 2987 1123 3052 τοὺς
1147 2988 1312 3068 ςοφιςτὰς·
1347 2988 1424 3053 ὥςτε

280 3103 377 3162 τοῦτο
400 3097 479 3162 αὐτὸ
503 3097 625 3173 ἀγαθόν
648 3097 711 3161 ἑςτι
733 3097 771 3161 τὸ
790 3101 906 3177 φυγεῖν
928 3097 966 3162 τὸ
982 3097 1093 3162 κακόν·
1118 3097 1197 3163 ἔνθα
1217 3099 1279 3177 γὰρ
1302 3100 1424 3176 τεθήςε-

280 3229 330 3273 ται
345 3210 383 3274 τὸ
399 3207 538 3286 ἀγαθὸν,
562 3207 620 3273 οῦκ
643 3207 744 3292 ἔςτιν,
768 3207 846 3273 ὁτὰν
863 3207 960 3288 μηθὲν
983 3206 1030 3273 ἔτι
1052 3209 1161 3293 ὑπεξίῃ
1177 3209 1247 3289 μήτ’
1262 3208 1423 3285 ἀλγεινὸν,

280 3318 357 3398 μήτε
380 3318 534 3397 λυπηρόν.

365 3485 493 3570 Optime
516 3485 691 3552 Metrodori
717 3486 934 3570 fragmentum
963 3448 1067 3550 veibis
1089 3485 1221 3569 Epicuri
1248 3487 1423 3551 illustratur

280 3619 298 3660 a
319 3595 491 3662 Plutarcho
514 3597 663 3682 deinceps
686 3597 806 3661 allatis:
835 3598 931 3678 ὅμοια
953 3599 989 3663 δὲ
1011 3599 1063 3663 καὶ
1084 3598 1122 3661 τὰ
1145 3599 1350 3677 Ἐπικούρου,
1374 3599 1422 3664 λε’-

279 3729 412 3792 γοντος,
438 3711 496 3788 τὴν
518 3714 576 3774 τοῦ
599 3709 723 3786 ἀγαθοῦ
746 3698 842 3788 φύςιν
864 3709 897 3776 ἐξ
920 3707 1018 3786 αὐτῆς
1038 3711 1095 3786 τῆς
1116 3712 1222 3787 φυγῆς
1243 3713 1301 3773 τοῦ
1324 3714 1422 3773 κακοῦ

279 3821 331 3885 καὶ
351 3824 407 3898 τῆς
429 3820 551 3900 μνήμη(
573 3821 624 3884 καὶ
645 3819 850 3895 ἐπιλογίςεως
871 3819 923 3882 καὶ
944 3818 1090 3897 χάριτος,
1120 3815 1169 3882 ὅτι
1191 3822 1290 3884 τοῦτο
1314 3819 1421 3900 ςυμβέ-

256 3987 264 3999 .
280 3935 373 4011 βηκεν
389 3929 478 4012 αὐτῷ
492 3932 679 4005 γεννᾶςθαι·
701 3928 761 4012 „ro
776 3930 838 4007 γὰρ
853 3928 1003 4010 ποιοῦν“,
1026 3945 1131 4007 φηςιν,
1158 3927 1422 4011 ,ἀνυπέρβλητον

278 4045 377 4119 γῆθος
405 4040 442 4106 τὸ
470 4040 545 4119 παρ’
572 4038 651 4104 αὐτὸ
681 4039 890 4119 πεφυγμένον
913 4038 992 4118 μέγα
1013 4036 1127 4102 κακόν·
1155 4040 1207 4102 καὶ
1228 4037 1306 4118 αὕτη
1330 4041 1422 4120 φύςις

279 4151 419 4233 ἀγαθοῦ,
448 4148 490 4214 ἀν
516 4169 563 4214 τις
585 4148 690 4229 ὀρθῶς
713 4149 885 4232 ἐπιβάλλῃ,
915 4148 1023 4214 ἔπειτα
1051 4151 1145 4230 ςταθῇ
1175 4149 1292 4228 καὶμὴ
1321 4153 1421 4216 κενῶς

279 4261 437 4344 περιπάτῃ
463 4259 537 4338 περὶ
563 4258 687 4334 ἀγαθοῦ
714 4257 872 4336 θρυλῶν“.
918 4256 1058 4339 Siquis,
1086 4255 1237 4341 miratus,
1271 4258 1357 4340 quod
1385 4280 1421 4323 ex

279 4369 339 4434 hoc
361 4367 536 4434 Metrodori
565 4367 649 4432 dicto
671 4369 710 4434 τὸ
732 4367 882 4444 ἀλγεινόν
911 4368 942 4430 et
968 4367 1005 4432 τὸ
1034 4367 1181 4445 λυπηρόν
1210 4368 1421 4434 necessarium
