3066 4914
572 353 851 418 -59-.

102 526 294 607 βέβλαπται,
317 524 445 592 πάντωε
467 528 526 605 μὲν
549 525 782 606 ὀργιεθήεεται,
806 523 951 604 βραχέως
973 525 1008 588 δὲ
1030 523 1084 588 διὰ
1105 525 1143 588 τὸ
1159 523 1249 602 μηδέ-

100 656 185 702 ποτε
201 635 338 717 μεγάλη(
353 637 488 717 έμφαειν
505 637 623 718 βλάβη(
638 634 825 717 λαμβάνειν,
850 632 946 698 οὐδὲν
968 631 1051 697 εἶναι
1067 634 1154 712 παρὰ
1169 633 1250 714 μέγα

101 752 172 813 τῶν
194 745 313 813 ἔξωθεν
335 747 517 827 ἡγούμενοι
538 746 591 829 (47
607 745 687 828 fin).
732 741 852 807 Verum
879 745 988 806 tamen
1009 763 1077 806 non
1104 744 1167 826 est,
1196 742 1251 825 qui

104 878 177 921 eam
205 855 344 940 effugere
371 859 467 940 queat
490 857 575 942 (40);
605 853 682 939 quin
710 852 842 936 quisque
869 851 1025 916 habeatur
1051 851 1100 915 vir
1121 873 1249 936 pravae,

104 966 160 1050 qui
190 969 225 1030 ut
254 967 438 1048 ἀδιάφορον
461 967 566 1032 πάθοι
595 963 850 1049 objurgationem
873 961 923 1026 vel
946 961 1172 1026 detrimentum
1201 983 1251 1026 ex-

105 1077 205 1160 cipiat
227 1074 308 1161 (38).
352 1075 433 1140 Tum
456 1075 636 1160 exponendi
663 1074 760 1138 finem
781 1073 925 1138 facturus
948 1071 1057 1136 laudat
1078 1071 1251 1155 Epicurum

107 1190 140 1249 et
161 1185 379 1250 Metrodorum
401 1186 561 1270 principes
585 1188 617 1250 et
639 1206 719 1267 eum,
742 1204 837 1266 quem
857 1182 892 1246 hi
909 1181 1048 1246 dixerint
1070 1182 1188 1270 βυμόν,
1212 1183 1252 1246 ab

107 1295 178 1378 illa,
208 1317 304 1379 quam
331 1296 400 1380 ips'e
430 1296 560 1380 dixerit,
596 1295 677 1380 ὀργῇ
706 1293 890 1376 neutiquam
917 1292 1076 1358 diversum
1105 1313 1173 1357 esse
1201 1292 1252 1356 de·
1383 1353 1385 1360 .

108 1408 267 1470 monstrat
289 1407 343 1492 (43
366 1407 480 1491 seqq).

191 1548 361 1634 Dupliccm
384 1551 506 1616 scilicet
520 1552 554 1615 in
568 1571 646 1614 voce
668 1551 768 1630 θυμόε
783 1549 848 1612 vim
869 1549 990 1631 inesse,
1012 1547 1145 1612 alteram
1166 1549 1253 1632 ῇιτου

108 1661 161 1725 ἐπὶ
187 1661 226 1726 τὸ
254 1662 443 1727 κοινότατον
472 1662 629 1741 εἰώθαμεν
657 1661 783 1740 φέρειν·
797 1660 915 1738 ταύτην
937 1661 996 1738 τὴν
1024 1660 1253 1740 προεηγορίαν,

2 1797 3 1804 ¹
107 1770 240 1834 alteram
262 1773 281 1856 ᾖ
304 1772 358 1836 ἐπὶ
379 1772 417 1836 τὸ
439 1771 598 1837 εόντονον
620 1771 700 1835 κατὰ
714 1772 751 1834 τὸ
767 1770 900 1846 μέγεθοε
922 1769 942 1846 ἢ
965 1769 1015 1833 ἐπὶ
1030 1770 1088 1848 τὴν
1112 1769 1158 1834 ὼε
1173 1770 1254 1848 πρὸε
1344 1825 1349 1836 ,

2 1957 3 1966 ¹
107 1882 313 1947 ἀπολαυετὸν
335 1879 453 1963 ὁρμήν,
479 1879 680 1964 prioremque
708 1878 794 1942 illius
815 1877 956 1941 nominis
985 1876 1255 1968 significationem

108 2011 275 2074 usurpasse
304 1989 474 2074 principes.
525 1977 685 2073 Demque''
700 1987 906 2066 Philodemus
935 1987 1133 2052 adversarios
1161 2008 1254 2070 quos·

2 2159 3 2196 q
108 2099 180 2162 dam
208 2099 421 2164 differentiam
450 2120 579 2184 prorsus
606 2097 810 2182 negligentes
838 2095 1043 2182 reprehendit
1066 2097 1158 2182 (45).
1203 2095 1253 2161 cf.

2 2281 3 2298 χ
107 2207 290 2276 Buecheler.
306 2209 327 2273 l.
345 2231 371 2274 c.
395 2209 527 2312 Aristot.
542 2208 617 2273 Eth.
634 2207 759 2272 Nicom.
774 2206 831 2290 IV,
847 2207 877 2271 5.
901 2205 966 2271 Cic.
983 2205 1134 2271 Academ.
1150 2205 1192 2290 ΙΙ,
1202 2205 1252 2270 44.

1 2345 2 2386 3
108 2319 146 2383 de
168 2319 221 2383 off.
244 2319 275 2402 l,
298 2319 339 2383 26
367 2340 438 2382 eum
466 2320 549 2383 nott.
573 2317 687 2382 Muret.
712 2316 850 2382 Tuscull.
875 2314 987 2400 Diepp.
1011 2314 1084 2424 IV,⁴
1105 2317 1144 2380 19
1166 2337 1253 2400 seqq.

1 2493 2 2508 η
107 2427 215 2513 ibique
237 2429 415 2514 interprett.
439 2427 513 2494 Seu.
537 2426 576 2492 de
598 2427 646 2491 ira
668 2429 739 2492 cett.

324 2756 327 2761 .
622 2665 734 2722 xxlv.

258 2818 420 2884 Plutarch.
445 2840 548 2903 praec.
572 2821 701 2904 conjug.
726 2819 787 2882 142
803 2819 842 2882 A.

193 2951 353 3037 Olpurtir
381 2957 432 3020 καὶ
459 2962 497 3038 τῇ
526 2956 671 3036 εώφρονι
699 2957 830 3036 μάλιετα
859 2959 928 3020 δεῖν
955 2955 1037 3035 πρὸ(
1065 2956 1123 3020 τὸν
1151 2954 1255 3034 ἄνδρα

109 3065 266 3145 χαρίτων,
300 3066 354 3147 ἵν’,
385 3067 430 3131 rte
457 3065 548 3142 ἔλεγε
578 3065 814 3148 Μητρόδωροε,
847 3065 951 3144 totum
981 3070 1109 3148 ευνοικῇ
1138 3065 1254 3145 καὶμὴ

110 3174 315 3256 ὀργιζομένη,
337 3174 387 3241 ὅτι
409 3180 581 3256 εωιρρονεῑ.

149 3463 153 3473 ’
192 3461 443 3546 Wyttenbachio
458 3463 589 3528 verbum
610 3462 800 3544 ὀργιζομένη
815 3484 882 3527 non
897 3463 974 3527 satis
995 3465 1106 3547 aptum
1120 3461 1254 3527 videtur.

16 3579 18 3584 ·
110 3572 199 3648 auor
229 3552 380 3638 exhibent
405 3572 483 3637 eor.
507 3573 546 3636 A.
577 3571 692 3658 (raas,
718 3572 831 3656 1671),
861 3569 1037 3657 affara·
1052 3571 1147 3655 νεα)
1176 3572 1256 3638 au

111 3683 249 3768 (urnebi)
272 3683 476 3768 ὁρκιζομένη,
499 3685 710 3748 acorrectore
725 3681 863 3766 quodam
885 3681 1063 3766 profectum
1085 3702 1152 3746 esse
1167 3685 1256 3765 puto,

111 3793 158 3856 cui
181 3792 261 3856 illud
283 3794 468 3876 corruptum
490 3792 593 3856 visum
616 3795 674 3856 est.

193 3936 293 4002 Recte
321 3935 488 4020 Wyttenb.
524 3936 632 4000 laudat
666 3933 830 4028 Plutarch.
860 3936 1004 3999 Amator.
1040 3935 1102 3999 735
1123 3934 1165 4019 O,
1202 3937 1257 4000 ubi

111 4046 219 4112 eadem
241 4048 346 4110 exstat
367 4045 542 4110 Metrodori
569 4043 744 4122 sententia:
775 4046 808 4110 αἱ
835 4049 870 4112 δὲ
900 4047 1068 4126 αιἰιρρονεε
1097 4046 1174 4111 οὐδὲ
1201 4047 1255 4111 ct·-

85 4159 225 4237 ἐτηρόν
255 4157 305 4222 καὶ
327 4158 606 4236 κατεγρυιτόμενον
636 4156 773 4235 ἐπαχθὲε
795 4157 845 4220 καὶ
867 4156 1120 4236 δυεκαρτέρητον
1149 4155 1257 4235 έχουει

110 4269 160 4332 καὶ
181 4268 306 4333 Ποινὰε
327 4269 477 4331 καλοῦαν
500 4265 599 4336 αὐτὰ(
621 4269 672 4336 καὶ
692 4269 761 4334 τοῑε
783 4265 935 4346 ἀνδράειν
958 4265 1185 4349 ὀργιζομένας,
1207 4266 1257 4337 ὅτι

110 4380 343 4459 εωφρονοῦειν.
416 4465 423 4471 ·
