3066 4914
738 363 804 420 f-
848 325 891 390 54
934 365 974 372 —
1524 401 1525 440 ἶ

253 497 258 512 “
294 496 398 581 Sing.)
425 498 501 576 παρ’
528 496 637 561 αὐτῶν
664 475 851 576 τυγχάνειν,
886 494 955 560 ἀλλ’
985 495 1098 565 έςθίειν
1125 497 1175 561 καὶ
1203 498 1308 565 πίνειν
1338 496 1462 579 οἶνον,

296 609 322 672 ὠ
345 607 552 686 Τιμόκρατες,
576 606 724 686 ἀβλαβῶς
747 613 785 690 τῆ
806 607 915 686 γαςτρί
936 608 988 672 καὶ
1009 607 1254 688 κεχαριςμένως·

379 809 624 892 Fragmentum,
647 755 732 892 qued
755 777 871 874 attinet
892 807 1023 877 alteram
1045 811 1183 892 partem,
1212 809 1287 874 inda
1310 811 1351 876 ab
1376 812 1459 877 ἀλλ’

295 922 422 999 έςθίειν,
447 919 486 982 ad
501 918 664 1002 superiora
678 919 860 1003 fragmenta
877 939 963 984 uum.
980 917 1073 986 VI-
1085 917 1164 986 VIII
1186 923 1333 1004 spectans
1340 969 1350 1005 ,
1374 944 1455 1006 prc-

295 1032 367 1114 pter
393 1032 517 1113 partem
545 1029 684 1112 priorem
712 1027 774 1093 huc
802 1027 911 1112 retuli,
945 1049 1026 1114 quae
1054 1029 1094 1092 ad
1121 1030 1352 1114 rempublicam
1381 1053 1455 1095 non

297 1139 524 1230 capessendam
539 1139 687 1222 pertinet.
714 1137 849 1223 Reliqua
862 1138 904 1201 ad
919 1139 1051 1202 eandem
1066 1140 1284 1222 quaestionem
1299 1145 1454 1226 spectan-

285 1249 341 1336 tia
358 1249 425 1333 jam
448 1248 630 1333 adjungam.
660 1247 733 1312 Vid.
757 1251 867 1312 notam
889 1249 1004 1334 fragm.
1027 1271 1113 1319 num.
1130 1248 1208 1314 XXI
1231 1251 1450 1334 subjunctam.

676 1467 687 1486 .
809 1426 922 1482 xvlll.

446 1506 598 1618 Plutarch
620 1553 688 1617 arv.
713 1552 815 1620 cont.
841 1553 922 1618 ιιιι
939 1552 976 1617 Β.

378 1665 417 1730 Ἃ
445 1666 482 1729 δὲ
505 1664 724 1743 Μητρόδωρος
753 1663 787 1728 ἐν
816 1671 861 1748 τῷ
890 1664 962 1744 περί
985 1667 1178 1746 φιλοςοφίας
1207 1666 1447 1746 ἐξορχούμενος

295 1775 460 1840 πολιτείαν
483 1775 664 1858 γέγραφεν,
688 1773 747 1838 οὐκ
770 1775 859 1857 ᾤμην
881 1778 950 1839 δεῖν
973 1779 1135 1854 παρεῖναι·
1160 1777 1244 1853 λέγει
1260 1779 1295 1842 δὲ
1311 1777 1362 1842 ὅτι
1378 1786 1446 1844 τῶν

295 1891 408 1972 ςοφῶν
437 1903 520 1951 τινες
549 1883 616 1948 ὑπὸ,
642 1883 810 1963 δαψιλείας
836 1880 952 1964 τύιροιιΙ
978 1884 1065 1950 οὕτω
1093 1889 1198 1951 καλῶς
1227 1889 1378 1953 ςυνεῑδον
1407 1891 1445 1953 τὸ

295 1995 393 2074 ἔργον
422 1993 535 2078 αὐτῆς,
575 1993 647 2058 ὥςτ’
675 1993 819 2073 οἴχονται
847 1993 1023 2074 φερόμενοι
1056 1997 1138 2075 πρὸς
1165 1998 1223 2061 τὰς
1255 1995 1355 2062 αὐτὰς
1384 1997 1444 2062 Λυ-

261 2114 263 2118 ’
294 2103 422 2188 κούργῳ
445 2105 495 2168 καί
518 2103 639 2169 (Σόλωνι
661 2094 826 2185 ἐπιθίιμίας
847 2107 928 2169 κατὰ
949 2105 1025 2170 τοὺ(
1052 2106 1125 2185 περὶ
1147 2107 1226 2186 βίων
1248 2106 1369 2183 λόγους
1393 2109 1446 2172 καί

295 2214 419 2293 ἀρετῆς.
455 2294 459 2304 .

378 2364 486 2430 Reisk.
510 2369 673 2450 ςυνεῑδον,
696 2364 862 2450 Wyttenb.
885 2366 1022 2435 ἐνεῖδον.

820 2543 908 2599 m
935 2587 939 2629 Ι.

447 2645 609 2733 Plutarch.
633 2669 699 2733 arv.
723 2670 826 2736 cont.
853 2673 932 2738 nau
950 2654 996 2739 c.

382 2781 438 2846 Καί
460 2783 623 2860 λοιδορῶν
638 2779 657 2844 ὁ
674 2781 894 2862 Μητρόδωρος
917 2783 1055 2862 ἐπιλέγει
1071 2789 1138 2852 τοῖς
1152 2786 1352 2868 εἰρημένοις·
1376 2794 1441 2860 Διὸ

294 2891 344 2954 καί
371 2893 478 2955 καλῶς
500 2889 647 2971 ἔχειτὸν
670 2891 841 2972 ἐλεύθερον
865 2893 910 2959 ὡς
932 2894 1060 2974 άληθῶς
1087 2899 1215 2973 γέλωτα
1236 2901 1366 2976 γελάται
1389 2904 1441 2968 έπί

292 3020 327 3065 τε
355 3001 394 3079 δὴ
423 3003 516 3065 πᾶςιν
545 2999 729 3079 ἀνθρώποις
758 3004 810 3068 καί
837 3003 888 3068 έπί
915 3009 985 3069 τοῖς
1012 3005 1208 3087 Λυκούργοις
1235 3010 1363 3077 τούτοις
1390 3015 1442 3078 καὶ

294 3109 443 3175 (όλωςιν.

377 3259 449 3325 Hoc
470 3261 687 3346 fragmentum
709 3264 805 3328 etiem
827 3267 911 3348 apud
926 3267 1145 3334 Metrodorum
1166 3271 1264 3336 nullis
1270 3321 1280 3356 ,
1303 3277 1340 3338 ut
1354 3274 1436 3341 vide-

292 3373 360 3453 tur,
381 3370 486 3435 verbis
508 3369 700 3456 interjectis,
724 3375 849 3458 excepit
870 3377 1071 3460 antecedens.

817 3551 889 3606 XX.

444 3673 605 3739 Plutarch.
628 3675 698 3740 adv.
723 3675 825 3742 Oolot.
852 3679 933 3745 1125
949 3681 983 3746 O.

377 3787 473 3851 Ἀλλά
494 3786 579 3850 τίνες
601 3785 677 3853 εἰεὶν
700 3787 730 3853 οἱ
752 3793 851 3854 ταῦτα
873 3793 1061 3871 ςυγχέοντες
1084 3794 1133 3858 καὶ
1152 3797 1368 3866 καταλύοντες
1390 3802 1436 3865 καί

292 3894 393 3974 ἄρδην
422 3895 647 3979 ἀναιροῦντες,
684 3897 744 3977 οὐχ
773 3899 804 3964 οἱ
831 3903 993 3968 πολιτείας
1025 3903 1214 3984 άφιςτάντες
1241 3908 1361 3975 αὐτοὺς
1389 3914 1435 3976 καὶ

291 4004 368 4070 τοὺς
389 4004 636 4089 πληςιάζοντας;
665 4007 726 4087 οὐχ
755 4007 786 4073 οἱ
807 4012 865 4076 τὸν
888 4017 943 4090 τῆς
965 4012 1134 4092 ἀταραξίας
1158 4015 1320 4096 ςτέφανον
1343 4017 1433 4101 ἀςύμ-

293 4117 412 4194 βλητον
443 4113 526 4180 εἶναι
558 4120 627 4181 ταῖς
662 4101 812 4196 μεγάλαις
845 4121 1025 4200 ἡγεμονίαις
1053 4123 1220 4206 λέγοντας
1254 4125 1314 4206 οὐχ
1342 4129 1375 4194 οἱ
1399 4131 1433 4195 τὸ

292 4223 467 4302 βαςιλειίειν
489 4224 643 4306 ἁμαρτίαν
664 4229 715 4292 καὶ
730 4228 902 4296 διάπτωςιν
925 4231 1167 4313 ἀποφαίνοντες
1188 4236 1240 4299 καὶ
1254 4238 1433 4318 γράφοντες

292 4331 402 4397 αὐταῖς
432 4335 564 4436 λέξεςιν·
603 4335 708 4412 λέγειν
735 4340 783 4402 δεῖ
810 4344 880 4405 πῶς
910 4338 989 4427 [τις]
1019 4341 1129 4422 άριςτα
1156 4347 1194 4410 τὸ
1224 4349 1278 4424 ’τῆς
1308 4349 1430 4428 φάςεως
