3066 4914
562 321 772 386 ,49-

89 495 276 580 bonumque
306 515 417 560 vocem
446 495 514 559 fore
547 513 677 577 prorsus
711 493 849 558 inanem.
907 491 980 558 Vid.
1010 492 1075 558 Cic.
1103 490 1240 558 Tuscull.

92 604 442 690 Dispp.111,18,42.
490 594 494 603 ⁶

176 717 239 782 Per
267 715 409 800 corporis
437 736 548 779 ansam
577 714 723 798 voluptas
751 715 883 778 erebus
913 713 1051 778 externis
1074 713 1240 797 excipitur,

91 828 127 890 in
150 847 284 910 corpore
313 847 407 890 causa
427 825 498 909 ipsa
518 825 662 888 nascitur
683 825 840 907 voluptas.
884 823 1042 907 Epicurus
1070 827 1103 888 et
1124 823 1240 887 Metro-

93 937 190 1000 dorus
212 935 411 1019 voluptatem
433 936 495 1018 ipsi
518 934 645 1018 corpori
666 934 810 998 innatam
838 956 876 998 ea
897 935 1050 1017 majorem
1073 934 1240 1015 duxerunt,

93 1067 189 1129 quam
216 1067 410 1130 percorpus
439 1045 572 1109 erebus
595 1044 772 1128 capiamus,
806 1044 889 1108 unde
912 1044 1066 1109 dissensio
1096 1065 1168 1107 cum
1190 1043 1241 1106 Ti-

94 1158 235 1220 mocrate
259 1157 389 1220 exstitit.
433 1155 522 1240 Ergo
544 1155 625 1221 ratio
649 1154 823 1220 secundum
844 1157 976 1219 naturae
997 1175 1142 1218 normam
1164 1153 1242 1216 boni

95 1265 251 1350 originem
284 1267 460 1330 accuratius
495 1266 696 1349 exploratura
723 1285 790 1329 non
817 1267 925 1349 potest
950 1285 1017 1329 non
1054 1285 1071 1328 e
1100 1263 1241 1346 corporis

95 1375 315 1440 affectionibus
338 1376 531 1460 principium
553 1397 677 1440 sumere
706 1377 739 1460 (ὁ
760 1378 841 1442 κατὰ
862 1376 959 1458 φύειν
983 1375 1120 1457 βαδίζων
1143 1376 1242 1451 λόγοι

96 1486 188 1572 κτλ.).
232 1484 352 1549 Iterum
375 1486 531 1569 sequitur,
561 1470 611 1567 ut,
641 1506 703 1569 quo
725 1485 861 1560 validior
883 1485 1025 1570 corporis
1055 1484 1098 1548 sit
1126 1484 1242 1548 consti·

95 1595 192 1678 tatic,
217 1617 255 1659 eo
275 1596 347 1680 plus
368 1595 513 1679 polleant
535 1617 684 1660 sensuum
706 1597 865 1659 motiones
888 1595 950 1679 ipsi
966 1594 1091 1679 corpori
1114 1595 1241 1658 innatae

97 1705 197 1788 (quas
226 1699 354 1790 quidern
389 1705 423 1768 in
450 1706 638 1790 fragmentis
672 1704 778 1768 allatis
807 1705 976 1789 praecipue
1003 1704 1158 1788 proponit
1189 1725 1241 1768 ne·

95 1815 209 1899 glectis
232 1815 334 1898 aliia:
361 1819 472 1880 ventre
494 1816 624 1881 metitur
647 1816 776 1879 bonum.
822 1815 885 1879 Sed
903 1815 970 1898 jam
998 1814 1038 1878 ad
1059 1813 1243 1899 fragmenta

96 1924 159 1988 alia
178 1945 359 2009 pergamus.

639 2037 697 2092 1x.

249 2162 315 2229 Cic.
337 2163 376 2227 de
398 2163 486 2228 finib.
509 2163 552 2247 ΙΙ,
574 2164 626 2246 28,
649 2165 700 2229 92.

180 2249 282 2356 „Ipse
310 2273 395 2337 enim
422 2273 639 2356 Metrodorus,
672 2260 773 2356 paene
801 2273 883 2336 alter
909 2232 1081 2357 Epicurus,
1115 2274 1242 2336 beatum

9 2393 12 2552 Ι
98 2403 167 2446 esse
188 2383 340 2447 describit
366 2383 416 2446 his
439 2383 505 2447 fere
533 2383 653 2448 verbis:
682 2403 754 2447 cum
782 2403 897 2466 corpus
925 2383 1007 2447 bene
1035 2383 1243 2446 constitutum

9 2561 11 2584 s
99 2494 142 2556 sit
159 2495 194 2556 et
215 2493 259 2557 sit
280 2493 495 2576 exploratum,
519 2493 565 2556 ita
586 2493 762 2558 futurum“.

9 2603 11 2724 l
250 2602 396 2667 Eundem
418 2602 595 2706 Metrodori
616 2603 722 2668 locum
744 2603 877 2668 denotat
898 2601 1150 2687 deoff.111,33,
1168 2604 1243 2667 117:

9 2727 10 2740 ¹
181 2712 285 2799 „Vita
312 2713 417 2801 omnis
445 2714 538 2779 beata
568 2714 710 2797 corporis
737 2713 829 2777 firma
857 2713 1087 2778 constitutione
1115 2714 1244 2797 ejusque

9 2803 10 2830 ³
102 2823 337 2887 constitutionis
353 2845 409 2907 spe
424 2824 603 2908 explorata,
628 2827 662 2888 ut
685 2846 703 2886 a
718 2823 902 2888 Metrodoro
918 2824 1144 2907 scriptumest,
1168 2845 1244 2886 con-

102 2932 255 2998 tinetur“.
278 2971 321 2982 -
343 2933 392 2999 Of.
416 2933 555 2998 Tuscull.
580 2933 693 3017 Dispp.
716 2933 760 3016 11,
784 2935 814 3016 6,
839 2935 892 3018 17;
916 2933 956 3016 V,
978 2933 1009 3016 9,
1030 2933 1071 2998 27
1088 2933 1140 2996 all.

649 3122 691 3176 X.

251 3255 351 3322 Clem.
374 3257 466 3322 Alex.
489 3260 598 3322 strom.
621 3255 664 3340 ΙΙ,
687 3257 750 3322 417
767 3254 802 3320 Ο.

184 3368 221 3432 ‘O
243 3371 280 3432 δὲ
303 3369 523 3447 Μητρόδωροτ
546 3368 649 3452 ἐντῷ
671 3368 752 3448 Περὶ
766 3371 825 3432 τοῦ
847 3367 977 3447 μείζονα
999 3365 1154 3446 εἶναιτὴν
1170 3369 1245 3446 παρ’

104 3475 180 3556 ἡμᾶς
202 3478 304 3544 αἰτίαν
326 3479 409 3557 πρὸ(
430 3479 636 3558 εὐδαιμονίαν
659 3481 714 3555 τῆτ
737 3478 771 3542 ἐκ
793 3482 858 3542 τῶν
880 3478 1076 3556 πραγμάτων
1100 3477 1245 3559 Ἀγαθόν,

105 3607 191 3669 φητι,
221 3593 328 3668 ψυχῆτ
349 3589 378 3654 τί
400 3589 498 3670 ἄλλο,
526 3590 546 3668 ἢ
568 3589 606 3654 τὸ
630 3590 743 3667 ταρκότ
766 3586 913 3654 εὐτταθὲτ
936 3587 1114 3665 κατὰττημα
1135 3588 1187 3650 καὶ
1208 3588 1246 3650 τὸ

104 3701 174 3776 περὶ
193 3699 310 3777 ταύτητ
331 3702 444 3765 πιττὸν
467 3700 616 3780 ἔλπιτμα;

642 3884 700 3939 XI.

253 4021 413 4087 Plutarch.
436 4042 502 4086 non
525 4041 619 4105 posse
641 4041 727 4085 suav.
752 4022 813 4087 viv.
840 4020 920 4085 1087
938 4019 977 4082 D.

187 4132 319 4198 Οἴονται
347 4135 383 4198 δὲ
410 4134 483 4212 περὶ
503 4134 640 4212 γαττέρα
674 4131 796 4209 ἀγαθὸν
829 4130 912 4196 εἶναι
940 4131 990 4195 καὶ
1017 4131 1094 4196 τοὺ(
1128 4129 1248 4194 ἄλλον(

107 4241 226 4321 πόρου(
254 4247 310 4322 τῆτ
340 4245 455 4322 capro(
484 4235 642 4326 ἅπαντατ,
677 4243 717 4308 δι’
744 4242 791 4307 ὧν
819 4241 922 4320 ἡδονὴ
950 4241 1001 4307 καὶ
1028 4241 1069 4321 μὴ
1097 4239 1247 4317 ἀλγηδὼν

107 4350 274 4431 εἰτέρχεται
303 4354 354 4418 καὶ
381 4354 486 4418 πάντα
513 4355 552 4418 τὰ
581 4356 661 4417 καλὰ
689 4354 740 4418 καὶ
768 4353 854 4432 cond
877 4352 1072 4430 ἐξευρήματα
1098 4353 1162 4440 τῆτ,
1175 4350 1248 4426 περὶ

154 4463 267 4503 Dumna.
1030 4473 1046 4520 4
