3066 4914
778 341 988 404 ...12-

311 507 543 588 τεεεαρὰκοντα
572 509 677 596 Μίθρῃ
710 511 771 577 τινὶ
799 511 890 595 (dorp
923 516 989 578 τῶν
1018 508 1186 593 accursus
1220 511 1465 594 ευνειλημμένῳ
1512 529 1513 592 ξ

312 620 495 703 βοηθήτων,
517 622 599 699 πρὸ(
614 621 737 687 πάντα(
758 621 920 702 ἐγράφετο
943 623 993 688 καὶ
1007 622 1121 688 πάταιε
1142 622 1339 700 intercidit,
1364 642 1465 704 μεγα-
1512 697 1513 704 q

312 732 531 809 ληγοροῦντοτ
564 731 754 810 Ἐπικούρου
789 732 840 796 καὶ
874 732 1086 811 τεμνύνοντοε
1118 731 1243 812 ἐκείνην
1275 735 1334 813 τὴν
1368 735 1465 801 ὁδόν.
1512 713 1513 722 ¹

312 838 464 904 Animum
493 840 587 905 amici
614 841 810 924 intrepidum
839 841 910 925 quis
931 842 1064 908 miretur
1084 841 1260 925 Epicurum
1287 843 1464 909 laudasse?

311 947 360 1012 Ec
389 948 598 1014 confidentior
626 949 789 1016 Plutarchi
818 955 982 1036 comparet
1008 951 1129 1035 irrisi0,
1162 973 1257 1035 quam
1284 953 1377 1035 quasi
1407 977 1465 1019 ore

312 1057 409 1123 livido
437 1059 569 1144 adjecit:
601 1063 783 1143 πράξαντοτ
810 1063 909 1130 οὐθὲν
936 1063 1010 1128 τότε
1038 1066 1096 1131 τοῦ
1120 1064 1361 1148 Μητροδώρου,
1389 1066 1465 1129 tan-

312 1191 407 1252 quam
428 1169 497 1252 ipse
520 1169 683 1236 adfuisset.
713 1171 778 1236 Iste
793 1171 944 1256 Mithres,
967 1193 1061 1255 quem
1084 1172 1183 1238 altero
1199 1173 1271 1237 loco
1286 1177 1381 1239 vocat
1401 1177 1465 1242 τὸν

312 1278 432 1360 (ύρον,
461 1279 562 1346 altero
589 1281 661 1347 τινὰ
683 1282 788 1362 (ύρον
814 1287 880 1348 τῶν
904 1285 1070 1364 βατιλικῶν
1093 1285 1358 1369 τυνειλημμένον,
1391 1284 1465 1349 sine

313 1386 408 1453 dubio
438 1388 523 1454 idem
552 1392 601 1454 est
627 1393 721 1474 atque
739 1395 904 1472 οιοικητὴτ
930 1396 989 1458 τοῦ
1011 1393 1192 1474 Λυαμάχου
1220 1391 1330 1478 (Diog.
1353 1394 1463 1459 Laert.

311 1496 355 1581 ΙΙ,
373 1498 443 1564 102.
467 1498 507 1582 X,
522 1499 574 1585 4),
599 1522 693 1583 quern
707 1501 747 1564 ad
761 1501 894 1585 Epicuri
908 1502 1027 1586 placita
1040 1523 1235 1587 propensum
1249 1502 1364 1586 fuisse,
1387 1527 1464 1570 cum
1513 1527 1514 1598 q

312 1607 387 1692 illo,
409 1609 494 1692 quod
516 1609 554 1674 de
577 1613 763 1695 contemptu
785 1612 916 1676 deorum
932 1610 1119 1677 Theodorus
1140 1611 1265 1678 Atheus
1287 1612 1390 1698 dedit,
1414 1636 1464 1678 re·
1513 1603 1514 1612 ¹

312 1740 431 1803 sponso
448 1718 558 1805 (Diog.
575 1719 680 1786 Laert.
697 1720 739 1806 ΙΙ,
758 1723 832 1808 102)
854 1721 1027 1806 indicatur,
1049 1723 1118 1788 tum
1139 1723 1320 1788 confirmari
1335 1724 1465 1788 videtur
1513 1797 1514 1810 ¹

312 1828 392 1894 locis
414 1827 511 1916 Diog.
532 1829 636 1896 Laert.
659 1830 700 1916 X,
718 1832 778 1917 28,
799 1833 855 1896 ubi
876 1833 961 1897 inter
981 1831 1113 1918 Epicuri
1136 1834 1255 1917 scripta
1275 1838 1465 1900 recensetur
1513 1837 1514 1904 l

312 1938 393 2003 liber
415 1938 504 2023 (περὶ
517 1941 624 2008 νότων
639 1941 740 2026 δόξαι)
764 1944 847 2022 πρὸ(
870 1945 995 2022 Μίθραν
1018 1945 1051 2008 et
1072 1941 1112 2026 X,
1127 1943 1163 2029 4,
1185 1944 1268 2008 unde
1283 1944 1463 2028 Epicurum
1513 1939 1514 2014 l

312 2049 435 2116 niteas
457 2050 497 2114 aa
512 2050 665 2116 urinam
687 2051 811 2117 uenisse
834 2052 994 2118 assumus.
1024 2051 1121 2118 Plura
1143 2053 1311 2138 sonemus,
1335 2055 1363 2118 si
1385 2055 1463 2119 rm·

311 2159 429 2234 lodemi
450 2161 666 2247 fragmentum
682 2161 716 2230 O.
732 2164 773 2228 A.
792 2164 809 2227 l
830 2184 903 2248 pag.
922 2163 981 2230 107
998 2185 1085 2247 seqq.
1108 2163 1264 2249 integrius
1287 2166 1372 2228 esset
1395 2187 1462 2230 ser·
1513 2201 1514 2250 g

313 2272 428 2336 vatum.
472 2271 558 2338 Nam
579 2294 652 2338 eum
673 2295 747 2359 pag.
766 2273 827 2338 129
848 2273 887 2338 dc
909 2271 971 2340 hoc
992 2273 1113 2340 Mithra
1134 2274 1253 2360 egisse,
1276 2277 1355 2358 puto
1378 2277 1463 2339 veri-

312 2379 520 2447 simillimum.
557 2382 779 2468 Conspicimus
795 2384 922 2468 quidem
937 2406 1018 2449 vers.
1028 2385 1082 2450 10:
1100 2385 1462 2462 ΤΑΠΕΡΙΜΙΘΡΕΟΥΕ,

313 2511 392 2582 vers.
419 2493 471 2557 17:
506 2495 659 2561 ΜΙΘΡΗΝ
689 2495 751 2580 (cf.
782 2516 861 2561 vers.
888 2495 941 2560 16:
975 2495 1240 2580 ΕΠΙΚΟΥΡΟΕ),
1277 2515 1351 2579 pag.
1378 2495 1462 2561 125:

313 2603 645 2690 ulcr...neuuus).
708 2629 712 2635 ·

396 2711 436 2776 In
457 2712 560 2778 hortis
582 2723 690 2781 autem
704 2714 870 2799 Epicureis
891 2718 1019 2800 praeter
1039 2713 1249 2800 philosophos
1271 2715 1367 2780 etiam
1389 2716 1461 2799 phi-

312 2821 463 2907 losophas
485 2827 626 2890 versatas
649 2847 717 2890 esse
740 2827 880 2910 constat,
904 2847 998 2909 quem
1020 2847 1113 2890 usum
1127 2825 1329 2912 Pythagorae
1350 2824 1462 2890 Plato-

311 2931 425 3016 nisque
447 2934 591 3019 cxempla
610 2935 782 3000 illustrant.
811 2935 901 3001 Inter
914 2936 1089 3020 Epicureas
1104 2934 1278 3000 nobiliores
1293 2933 1462 3021 Diogenes

312 3045 345 3106 et
359 3041 548 3110 Plutarchus
563 3045 695 3110 tradunt
707 3047 805 3111 fuisse
820 3046 1033 3130 Themistum,
1048 3044 1182 3111 Leontii
1197 3066 1329 3109 uxorem
1345 3045 1459 3132 (Diog.

312 3152 417 3218 Laert.
440 3153 480 3238 Χ,
494 3155 546 3224 25.
563 3156 621 3242 al.)
627 3205 637 3241 ,
659 3158 813 3225 Λεόντιον
837 3157 1030 3242 (Demiuut.:
1055 3157 1251 3236 Λεοντάριον
1274 3155 1350 3220 ibid.
1375 3158 1460 3243 55),
1514 3195 1515 3246 q

314 3265 504 3345 Μαρμάριον
542 3266 601 3351 (ut
626 3267 724 3353 vulgo
752 3268 871 3353 legitur
897 3267 973 3332 ibid.
1002 3268 1076 3350 ξῖ,
1114 3267 1306 3348 Μαμμάριον
1330 3265 1462 3330 exhibet

317 3403 519 3413 m..-

380 3465 399 3534 ί)
417 3466 495 3522 Ηοοο
512 3471 664 3538 postquam
681 3468 817 3525 industrie
835 3468 1017 3540 investigavi,
1036 3469 1217 3538 Spengelium
1235 3467 1385 3537 (Philolog.
1403 3469 1424 3522 1.
1437 3487 1460 3522 ο.

311 3567 377 3620 pag.
395 3555 455 3619 531)
478 3553 577 3608 eadem
600 3555 665 3609 ante
684 3571 834 3625 occupasse
854 3554 1048 3610 animadverti.
1083 3551 1166 3608 Absit
1183 3551 1302 3608 invidia!
1327 3552 1460 3608 Ceterum

311 3635 453 3690 notandae
470 3639 536 3692 sunt
552 3639 647 3695 variae
665 3641 785 3695 nominis
801 3641 921 3694 formae:

397 3719 519 3776 Genitiv.
570 3724 878 3796 Dicg.Lacrt.lI,102:
897 3727 1029 3793 Μύθρου,
1052 3721 1207 3778 Philodem.
1224 3722 1243 3776 l.
1257 3739 1292 3776 a:
1312 3723 1459 3790 Μιθρέοος.

396 3805 490 3862 Dativ.
569 3808 712 3866 Plutarch.
730 3827 787 3866 non
803 3825 885 3879 posse
904 3826 981 3864 suav.
994 3805 1051 3863 viv.
1067 3807 1085 3863 l.
1098 3823 1134 3862 c:
1153 3809 1267 3878 Μίθρψ,
1290 3808 1354 3862 adv.
1368 3807 1459 3863 Colot.

571 3895 589 3948 1.
603 3912 638 3948 c:
658 3897 759 3966 Μίθρῃ.
857 3955 859 3960 ,

397 3973 556 4033 Accusativ.
574 3979 656 4048 Diog.
672 3979 764 4035 Laert.
781 3977 814 4047 X,
831 3985 859 4033 4:
883 3979 1009 4048 Μίθρην,
1038 3976 1076 4043 Χ,
1089 3982 1134 4030 28:
1155 3977 1278 4045 Μίθραν,
1301 3975 1459 4032 Philcdcm.

570 4063 589 4118 l.
602 4081 638 4119 αι
659 4068 778 4134 Μιθρῆν.

311 4139 507 4202 Philodamum
528 4148 733 4204 nominativum
752 4152 860 4218 Μιθρῆς
882 4148 1013 4203 statuisse
1032 4164 1047 4201 c
1065 4145 1185 4216 genitivi
1206 4146 1299 4200 forma
1317 4135 1466 4214 Μιθρέουςι

311 4229 401 4296 patet.
442 4229 620 4302 Quapropter
642 4234 817 4289 accusativus
840 4232 916 4301 apud
939 4231 1059 4286 eundem
1086 4229 1249 4284 scribendus
1272 4230 1315 4285 est
1338 4231 1458 4299 Μιθρῆν,

311 4312 403 4366 forma
421 4313 491 4371 alias
508 4334 564 4372 non
580 4318 724 4373 inusitata.
755 4319 795 4373 Cf.
808 4315 879 4371 Keil.
896 4316 1015 4371 analect.
1028 4314 1174 4384 epigraph.
1186 4331 1252 4384 pag.
1266 4320 1322 4380 123,
1340 4332 1416 4368 num.
1429 4323 1457 4368 2:

314 4399 477 4472 Εοφοκλῆν,
495 4406 646 4472 Φιλοκλῆν.
774 4473 777 4476 q
