3066 4914
559 403 596 415 ..
644 354 682 431 17'
727 403 768 414 ...

74 536 268 606 Philodemi
284 540 318 606 O.
335 540 374 604 A.
391 538 406 603 Ι
421 561 494 625 pag.
505 538 565 604 128
582 539 642 602 sibi
658 538 806 602 exhibere
821 537 954 621 videtur,
976 537 1070 622 idque
1085 560 1151 603 non
1167 521 1236 604 sine

77 653 192 736 specie
215 650 352 736 quadam
374 650 528 714 veritatis.
568 648 608 713 ln
629 649 686 713 illo
709 649 795 712 enim
818 649 971 732 epistulae
993 648 1174 735 fragmento
1197 650 1236 713 de

77 763 312 828 distributione
334 765 481 844 sumptus
504 760 544 823 ad
559 759 734 824 Metrodori
756 759 875 824 liberos
898 760 953 843 (τὰ
975 761 1085 826 παιδία
1106 763 1146 826 τὰ
1168 762 1235 840 Μη-

78 873 272 957 τροδώρου)
302 871 410 936 collati
439 871 553 958 agitur.
599 869 741 934 Tametsi
768 868 927 953 Epicurus
955 869 1039 934 hanc
1068 869 1235 953 epistulam

78 982 211 1047 videtur
244 982 425 1066 scripsisse,
461 985 571 1046 tamen
599 980 764 1044 deficiente
799 979 865 1064 ejus
893 981 1041 1064 nomine,
1076 981 1115 1044 ad
1142 1002 1236 1064 quem

79 1094 205 1178 scripta
233 1095 302 1156 erat
330 1092 449 1176 (solum
475 1091 678 1177 reperiuntur
705 1090 839 1154 duorum
860 1089 1107 1174 Epicureorum,
1134 1095 1170 1155 ut
1191 1092 1236 1154 vi·

81 1204 193 1287 detur,
222 1206 348 1286 praeter
369 1202 576 1267 Idomeneum
600 1203 796 1283 curatorum,
823 1201 925 1285 Aegei
947 1203 980 1264 et
1001 1200 1136 1264 Diodori
1158 1201 1235 1265 alias

81 1315 284 1401 incognita),
307 1335 375 1376 rem
397 1313 431 1376 in
453 1311 549 1376 dubio
572 1311 790 1395 relinquimus.

77 1424 81 1430 ’
170 1422 255 1488 Filio
283 1444 403 1487 nomen
432 1425 501 1486 erat
527 1423 683 1506 Epicure,
712 1422 795 1487 filiae
824 1423 909 1505 quod
936 1423 1047 1506 fuerit,
1083 1425 1167 1487 certe
1198 1445 1237 1486 ex

83 1533 234 1619 Diogene
257 1533 384 1598 Laertio
412 1554 478 1596 non
507 1533 740 1619 cognoscimus.
786 1531 848 1598 Sed
870 1533 1055 1598 Athenaeus
1079 1533 1235 1619 (deipnos

84 1643 174 1727 XIII,
198 1642 321 1729 593133
350 1643 390 1708 cf.
415 1643 671 1728 Schweighaeus.
694 1644 777 1728 not.)
805 1665 822 1707 e
844 1642 1024 1727 Phylarcho
1052 1645 1144 1708 affert
1164 1666 1235 1708 nar-

83 1753 299 1818 ratiunculam
327 1753 366 1818 de
389 1750 515 1837 Danae,
545 1755 699 1820 Λεοντίου
721 1757 777 1833 τῆ(
799 1755 865 1835 μετ’
886 1756 1076 1834 Ἐπικούρου
1099 1793 1140 1801 -
1162 1776 1235 1836 (χο-

85 1866 223 1945 lacurn<
245 1863 311 1928 filia
333 1867 366 1926 et
380 1862 572 1948 Sophronis
595 1863 751 1948 principis
774 1862 938 1947 cujusdam
953 1863 1102 1948 Ephesii,
1127 1887 1237 1949 uxore,

84 1997 181 2058 quam
197 1973 295 2038 fuisse
318 1973 406 2038 illam
421 1970 598 2038 Metrodori
620 1975 718 2038 filiam
733 1973 904 2059 quominus
927 1995 1128 2059 censeamus,
1152 1974 1234 2040 nihil

84 2083 265 2150 intercedit.
309 2082 434 2168 Nempe
456 2084 541 2148 unde
559 2083 696 2149 Seilerus
719 2084 759 2148 ad
775 2082 963 2167 Aloiphron.
979 2083 1022 2168 II,
1038 2085 1068 2169 2,
1087 2087 1101 2149 1
1128 2087 1236 2171 cogni-

85 2199 153 2260 tum
174 2193 308 2278 habeat,
331 2193 465 2258 Danaen
486 2193 618 2278 Epicuri
640 2216 657 2258 e
680 2192 814 2259 Leontio
837 2193 936 2258 filiam
959 2195 1066 2280 fuisse,
1090 2195 1237 2280 equidem

86 2307 211 2391 ignore.
251 2303 326 2368 Sine
350 2304 446 2368 dubio
462 2303 620 2388 Epicurus
642 2305 677 2367 in
691 2306 883 2369 testamento
907 2327 997 2369 suam
1019 2305 1118 2389 ipsius
1137 2306 1236 2370 filiam

87 2438 152 2481 non
173 2415 379 2500 neglexisset.
414 2416 569 2480 Attamen
590 2414 764 2499 permirum
783 2414 922 2499 videtur,
946 2413 1030 2498 quod
1047 2415 1085 2480 de
1100 2415 1236 2481 Leontio

88 2527 121 2589 in
147 2528 343 2590 testamento
365 2525 412 2589 nil
441 2525 594 2609 scriptum
617 2524 797 2589 invenimus
803 2575 812 2608 ,
840 2525 904 2590 uisi
926 2530 1100 2609 praeeunte
1122 2524 1236 2608 Baylio

89 2635 244 2719 (Diction.
268 2657 297 2699 v.
321 2635 466 2722 Epicur.)
490 2657 560 2699 eam
578 2635 645 2720 jam
668 2639 762 2700 antea
783 2634 973 2700 exstinctam
994 2639 1153 2720 putemus.

172 2745 243 2822 Quo
266 2746 379 2810 morbo
394 2745 594 2811 Metrodorus
617 2749 824 2830 consumptus
844 2746 901 2829 sit,
923 2768 1080 2830 nusquam
1102 2747 1236 2812 relatum

89 2857 233 2942 legimus,
277 2855 361 2921 Eum
390 2855 532 2940 hydrope
560 2855 708 2920 affectum
734 2839 835 2920 ¹tuisse
862 2855 973 2921 scribit
995 2855 1106 2922 Celsus
1135 2856 1174 2922 de
1202 2879 1236 2921 re

89 2966 168 3031 med.
191 2965 309 3050 111,21
333 2965 384 3030 his
406 2967 526 3032 verbis:
553 2966 801 3051 „Metrodorum
827 2969 953 3050 tamem
983 2965 1116 3052 Epicuri
1143 2966 1236 3031 disci-

88 3077 215 3161 pulum,
239 3075 398 3161 referunt,
428 3099 500 3142 cum
521 3077 584 3142 hoc
605 3078 718 3143 morbo
740 3079 947 3142 teutaretur“
974 3077 1097 3163 (agitur
1119 3077 1157 3142 de
1180 3079 1235 3162 hy-

89 3187 240 3274 dropicis)
268 3209 397 3271 „noque
425 3209 526 3272 aequo
555 3188 662 3253 animo
691 3187 790 3252 ferret
816 3181 1028 3252 necessariam
1051 3189 1153 3272 sitim,
1181 3189 1237 3253 ubi

90 3298 142 3363 diu
164 3298 376 3383 abstinuerat,
400 3298 530 3363 solitum
552 3298 678 3381 bibere,
701 3298 815 3362 deinde
837 3319 981 3363 evomere
989 3300 1016 3362 “.
1061 3297 1151 3362 Idem
1173 3319 1236 3363 me-

90 3407 148 3470 lius
171 3429 240 3472 esse
255 3411 360 3492 ratus,
385 3408 537 3492 quidquid
552 3411 716 3492 receptum
732 3409 789 3492 sit,
812 3430 958 3473 evomere
973 3430 1069 3492 quam
1089 3408 1236 3491 retinere,

90 3517 307 3583 Metrodorum
329 3517 451 3584 indicat
471 3519 533 3584 hoc
555 3519 667 3583 morbo
689 3540 756 3583 non
778 3541 847 3584 esse
870 3522 1039 3584 mortuum.
1084 3518 1175 3594 Quod
1199 3518 1237 3584 de

92 3628 178 3691 obitu
205 3626 382 3693 Metrodori
411 3632 443 3693 et
470 3629 623 3714 Polyaeni
652 3628 765 3695 Suidas
799 3630 848 3715 (v.
877 3629 1027 3716 Epicur.)
1057 3630 1169 3714 refert,
1204 3630 1237 3694 id

93 3737 291 3822 sumpsitex
311 3739 440 3804 Aeliani
461 3739 500 3804 de
521 3739 723 3825 providentia
744 3739 826 3804 libro
856 3739 898 3826 (ν.
921 3739 1122 3822 Bernhardyi
1144 3741 1235 3826 not).

93 3847 195 3912 Verba
223 3849 291 3932 ejus
319 3852 394 3913 sunt
420 3848 551 3915 haecce:
581 3853 632 3917 καὶ
661 3851 879 3932 Μητρόδωρος
908 3853 944 3915 δὲ
972 3852 1023 3916 καὶ
1051 3852 1237 3918 Πολύαινος

94 3957 186 4039 ἄμφω
214 3961 406 4040 τὼ·ἑταίρω
434 3961 536 4027 αὐτοῦ
564 3963 691 4028 κάκιετα
719 3961 903 4045 ἀνθρώπων
930 3961 1105 4029 ἀπέθανον.
1151 3961 1237 4037 Quae

94 4089 227 4150 quanam
260 4073 367 4135 mente
402 4071 468 4134 sint
499 4071 694 4156 conscripta,
728 4093 767 4135 ex
794 4072 849 4153 iis,
884 4093 963 4155 quae
992 4071 1236 4156 subsequuntur,

95 4182 232 4244 emanat:
259 4183 310 4246 καὶ
338 4183 449 4264 μέντοι
476 4187 532 4262 τῆς
554 4183 662 4248 ἀθεία(
688 4183 866 4261 ἠνέγκαντο
895 4185 1006 4264 μιεθὸν
1030 4183 1156 4262 οὐδαμᾶ
1184 4183 1237 4249 οὐ·

95 4293 171 4369 tuph
194 4293 348 4372 μεμπτόν.
394 4291 540 4357 Ceterum
562 4290 720 4377 Epicurus
742 4295 933 4357 testamento
957 4291 1055 4375 cavit,
1077 4294 1113 4355 ut
1135 4295 1167 4383 et
1189 4292 1238 4358 sui

96 4400 125 4460 et
145 4397 320 4466 Metrodori
342 4402 528 4467 memoriam
551 4402 697 4485 discipuli
719 4403 874 4488 vigesima
899 4424 1023 4486 quaque
1045 4402 1164 4469 mensis
1187 4403 1238 4467 die

145 4515 260 4555 Durruue.
1020 4529 1034 4575 2
