3066 4914
773 401 811 410 r-
862 337 909 428 10'
944 403 984 412 -

306 559 362 602 ser
390 559 531 619 mensae,
559 556 630 600 eum
653 534 783 597 domum
812 535 978 616 repeteret.
1023 533 1125 610 Quam
1153 533 1257 599 οἰκίαν
1285 529 1465 614 Lampsaci

306 647 404 711 fnisse
426 645 708 727 Metrodorumque
731 664 768 707 eo
791 642 928 708 Athenis
950 641 1130 728 profectum
1153 663 1237 726 esse,
1261 640 1463 706 verisimilli-
1505 667 1506 732 y

306 779 393 820 mum
415 756 548 821 videtur.
587 753 680 820 Oirca
702 777 730 819 a.
747 754 810 819 305
831 753 984 819 archonte
1001 754 1195 818 Anaxicrate
1219 749 1328 836 (Diog.
1347 751 1462 815 Laert.
1505 745 1506 748 ’

306 867 346 950 Χ,
361 867 396 951 2)
423 866 566 931 Athenas
588 865 777 950 magistrum
800 867 925 928 secutus
948 867 1011 947 est,
1042 864 1098 928 ubi
1119 885 1169 928 res
1198 865 1230 928 et
1257 864 1333 927 tunc
1363 863 1462 925 erant

306 976 398 1042 valde
424 975 571 1040 turbidae
599 978 630 1040 et
652 997 709 1059 per
731 977 848 1057 totam,
879 995 974 1057 quam
996 973 1133 1038 Athenis
1162 975 1312 1058 egerunt,
1343 971 1460 1053 vitam,

307 1086 469 1151 Demetrio
492 1085 672 1150 Poliorcete
695 1088 728 1148 et
748 1083 903 1148 Phalereo
920 1082 1161 1166 Cassandroque
1184 1082 1222 1146 de
1245 1081 1364 1167 oppido
1388 1104 1459 1146 cer·
1506 1135 1507 1168 ,

307 1197 449 1261 tentibus
456 1247 466 1281 ,
494 1218 562 1261 non
589 1195 791 1259 sedabantur.
842 1192 934 1269 Quod
962 1193 1068 1258 minus
1099 1195 1246 1257 curantes
1275 1194 1322 1275 ct,
1357 1215 1456 1276 quam
1506 1177 1507 1202 l

307 1307 444 1371 maxime
465 1307 533 1370 fieri
555 1307 694 1388 poterat,
724 1305 857 1368 erebus
879 1303 1016 1388 publicis
1045 1302 1221 1367 secundum
1242 1302 1377 1387 Epicuri
1400 1301 1458 1366 do-

307 1417 441 1481 ctrinam
454 1416 482 1502 d)
513 1415 623 1498 alieni,
658 1413 798 1478 amicitia
825 1413 908 1477 inter
941 1433 974 1477 se
1005 1413 1260 1496 conjunctissimi
1287 1413 1321 1476 in
1350 1413 1457 1478 hortis

304 1526 472 1610 Epicureis
499 1522 827 1609 philosophabantur,
860 1545 924 1587 una
952 1545 1024 1588 cum
1051 1521 1265 1606 Hermarcho,
1300 1522 1456 1606 Leonte0,

305 1636 467 1719 Polyaeno
491 1637 523 1698 et
545 1634 625 1698 aliis.
670 1633 791 1698 Omnes
814 1655 887 1699 vcro
911 1632 1039 1698 scholae
1060 1632 1219 1718 principes
1248 1655 1320 1698 cum
1341 1636 1455 1698 mutuo

306 1744 535 1829 responderent
556 1744 658 1829 gratis
681 1743 795 1808 officiis
801 1794 810 1828 ,
833 1744 916 1808 hanc
937 1764 1006 1807 rem
1021 1743 1146 1828 saepius
1168 1742 1300 1808 laudant
1318 1744 1455 1828 scripto·

305 1877 366 1920 res.
410 1854 495 1920 Hinc
517 1855 616 1940 igitur
632 1853 753 1919 Seneca
776 1853 881 1939 (epist.
898 1853 959 1939 VI)
983 1854 1227 1918 contubernium
1249 1854 1294 1918 ait
1316 1875 1454 1939 magnos

306 1965 419 2030 fecisse
447 1965 532 2029 viros
561 1963 796 2048 Metrodorum,
825 1962 1058 2028 Hermarchum
1085 1967 1118 2028 et
1144 1964 1356 2048 Polyaenum,
1385 1986 1454 2028 non

306 2075 449 2140 scholam
470 2073 611 2159 Epicuri.
656 2073 748 2138 Adde
770 2072 948 2138 Philodem.
971 2072 1010 2138 de
1033 2077 1135 2139 morte
1158 2073 1193 2140 O.
1209 2074 1245 2139 P.
1267 2074 1314 2138 IX
1337 2075 1399 2139 eol.
1417 2076 1453 2141 9:

305 2184 462 2250 Leonteus
490 2187 523 2249 et
543 2182 745 2248 Metrodoms
767 2185 1020 2266 θεραπευόμενοι
1047 2185 1102 2251 ὑπ’
1128 2186 1288 2266 ἀλλήλων.
1332 2186 1451 2270 Epicu-

218 2352 223 2361 .
305 2317 377 2360 rum
411 2316 485 2359 vero
513 2293 703 2360 Plutarchus
737 2293 860 2359 deridet
890 2295 1062 2376 εἰρωνικῶς
1090 2295 1331 2380 commiserans,
1366 2297 1452 2380 quod

197 2433 199 2436 ·
306 2406 405 2471 vitam
427 2408 583 2472 διετέλεεε
610 2407 798 2487 θεραπεύων
821 2409 998 2472 νοεοῦνταε
1026 2408 1045 2486 ἢ
1074 2412 1280 2487 καταθρηνῶν
1309 2407 1453 2487 ἀποθνή·

306 2538 438 2584 εκονταε
465 2517 545 2600 (non
566 2538 661 2599 posse
684 2536 770 2578 suar.
793 2514 854 2578 viv.
880 2515 961 2579 1103
977 2515 1036 2600 A),
1066 2515 1150 2598 quod
1172 2515 1323 2600 gaudium
1346 2539 1365 2580 a
1386 2517 1453 2581 Me-

306 2627 451 2710 trodoro,
473 2625 635 2708 Polyaeno
660 2627 693 2689 et
706 2624 893 2688 Aristobulo
915 2624 1087 2708 repetitum
1109 2625 1160 2688 sit.
1205 2624 1324 2691 Contra
1345 2625 1453 2690 Philo-

307 2738 416 2802 demus
433 2735 470 2820 (l.
487 2758 512 2800 c.
528 2736 634 2822 colb)
649 2734 825 2818 Epicureos
840 2737 920 2801 κατὰ
936 2736 1037 2812 λόγον
1052 2735 1168 2800 vixisse
1183 2736 1325 2801 referens
1341 2737 1400 2801 col.
1414 2739 1450 2801 11

305 2849 390 2912 viros
412 2849 535 2911 tantum
557 2845 591 2909 in
612 2845 740 2930 proeliis
763 2845 886 2910 occisos
908 2844 1055 2910 laudibus
1078 2846 1188 2910 extolli
1210 2847 1357 2931 miratur,
1386 2869 1452 2911 non

306 2955 571 3038 Themistoclem,
605 2954 761 3020 Periclem
789 2959 821 3020 et
848 2957 1074 3038 φυακωτέρωε
1104 2957 1254 3039 ἐζηκότας
1276 2955 1452 3042 Epicurum

306 3069 338 3130 et
358 3066 587 3131 Metrodorum.

390 3175 500 3240 Potuit
514 3176 623 3259 utique
637 3174 795 3260 Epicurus
810 3175 905 3240 modo
927 3177 1031 3242 vivere
1047 3178 1200 3263 suaviori,
1223 3178 1342 3262 quippe
1357 3201 1450 3263 quem

305 3307 372 3350 non
383 3308 554 3371 pauperem
569 3285 677 3370 fnisse,
692 3289 758 3351 tam
774 3287 1038 3370 exemptionibus
1053 3287 1138 3352 horti
1154 3288 1328 3372 domusque
1341 3287 1450 3374 (Diog.
1509 3347 1510 3366 2

305 3396 409 3460 Laert.
426 3395 465 3480 X,
483 3399 547 3480 17),
571 3418 665 3480 quam
687 3396 896 3461 cPhilodem.
913 3398 934 3462 1.
952 3419 977 3463 c.
994 3398 1053 3462 col.
1073 3399 1088 3461 1
1112 3401 1274 3490 patescere
1296 3399 1447 3466 videatur.

305 3503 403 3570 Ducit
436 3505 564 3589 quidem
597 3506 806 3592 philosophus
835 3507 1027 3573 Gadarensis
1061 3530 1195 3592 magnas
1230 3509 1375 3573 fortunas
1404 3533 1447 3576 sa-

305 3615 406 3699 pienti
434 3637 586 3699 perquam
615 3620 757 3701 optatas,
789 3619 904 3702 quihus
927 3617 1146 3683 deficientibus
1174 3639 1243 3682 esse
1265 3620 1447 3704 amicorum,

305 3726 392 3789 bona
424 3746 496 3789 cum
530 3726 625 3811 inope
653 3729 898 3794 communicare.
950 3727 1052 3804 Quam
1086 3729 1278 3793 sententiam
1311 3729 1448 3794 illustrat

305 3834 393 3899 hisce
421 3835 541 3900 verbis:
577 3838 648 3903 ἀλλ’
676 3839 773 3906 οὐδὲν
805 3840 972 3922 ἀφαίρεαν
1000 3841 1123 3905 ἐπεῖναι
1150 3839 1268 3919 ταύτην
1296 3841 1446 3924 ἐπῄεθετο

306 3945 480 4029 Πολυαίνῳ
508 3949 560 4011 καὶ
588 3950 798 4034 Μητροδώρῳ
826 3949 1028 4032 Ἐπίκουροε,
1061 3947 1144 4011 unde
1172 3947 1304 4032 Epicuri
1331 3950 1446 4014 amicos

306 4054 417 4137 inopes
446 4054 543 4120 fuisse
570 4059 657 4122 recte
684 4057 830 4142 collegit,
866 4058 921 4142 qui
947 4056 1127 4121 Philodemi
1154 4057 1271 4123 librum
1298 4059 1446 4143 restituit,

305 4165 380 4229 Ant.
410 4164 611 4232 Octavianus.
662 4165 841 4233 Sobrietate
876 4168 1046 4253 autemjet
1071 4167 1267 4250 parsimonia
1298 4190 1374 4233 usus
1400 4175 1447 4234 est

309 4323 380 4329 ...0-
387 4323 512 4330 .-—--—

375 4405 397 4470 d)
416 4401 479 4458 Vid.
497 4403 555 4456 not.
575 4403 612 4456 ad
629 4403 749 4483 Metrod.
768 4405 897 4474 fragmm.
916 4421 992 4458 num.
1004 4403 1097 4458 XVIII
1109 4419 1167 4470 seq.
