3066 4914
775 372 983 439 ...20ss

279 592 281 598 ,
308 541 376 609 vitt.
393 540 479 609 virtt.
496 563 607 629 oppos.
624 544 660 609 O.
676 543 712 608 Ρ.
735 543 784 608 III
807 543 940 626 00112,
962 544 1033 630 al),
1052 565 1092 632 se
1114 545 1222 610 tamen
1244 543 1341 628 longe
1364 541 1465 608 aliter

307 657 401 738 atque
423 658 528 719 sectae
550 653 711 740 principes
734 654 773 718 de
796 653 948 737 sophistis
970 654 1090 718 sentire
1112 654 1280 738 profitetur
1302 652 1336 719 C.
1353 653 1395 718 A.
1413 651 1464 718 IV

306 785 380 850 pag.
398 764 439 830 93
462 797 503 820 =
526 763 584 830 Ox.
600 764 633 829 II
654 785 727 850 pag.
747 765 823 828 101:
848 764 878 830 ol
900 766 936 830 δὲ
958 767 1017 845 τὴν
1040 766 1160 845 claeon
1182 765 1342 830 rrtcovrec
1365 765 1464 846 ἡμῶν

306 877 553 958 ἀντιφωνοῦειν.
596 873 689 958 (Vid.
714 895 794 958 quae
823 873 862 938 ad
886 874 1061 939 Metrodori
1089 877 1171 955 nobe
1198 877 1275 941 τοῦ(
1304 876 1463 956 εοφιετὰ(

305 985 424 1050 librum
446 985 588 1071 collegi.)
626 983 677 1049 Ne
699 985 828 1070 longior
849 984 997 1048 evaderet
1019 983 1190 1068 expositio,
1214 1005 1268 1048 eos
1291 983 1464 1047 dumtaxat

305 1097 410 1180 locos,
440 1094 554 1179 quibus
583 1095 732 1158 distincte
760 1097 889 1158 notatur
917 1093 1110 1177 differentia,
1139 1094 1247 1177 attuli,
1276 1093 1356 1157 alias
1385 1115 1463 1156 ere

307 1207 377 1291 ipsa
399 1207 630 1289 consequentes
652 1203 881 1287 discrepantias
896 1203 950 1268 hic
971 1204 1229 1289 praetermittens
1240 1205 1284 1288 ¹¹¹).
1322 1203 1463 1288 Propter

306 1337 427 1381 meram
460 1337 535 1381 vero
569 1313 727 1378 sentiendi
762 1312 953 1379 discordiam
987 1337 1004 1378 e
1031 1314 1142 1379 schola
1169 1313 1328 1397 Epicurea
1361 1335 1460 1378 nemo

307 1425 454 1490 discessit
480 1427 607 1510 praeter
628 1423 845 1489 Metrodorum
868 1423 1154 1506 Stratonicensem,
1177 1424 1231 1507 qui
1258 1424 1298 1488 ad
1321 1423 1458 1489 Oarnea-
1510 1423 1511 1426 ’

307 1536 380 1600 dem
403 1534 535 1618 defecit,
558 1555 653 1599 causa
675 1534 801 1618 quidem
824 1535 887 1619 ipsi
909 1533 1047 1620 Diogeni
1071 1533 1125 1620 (X,
1141 1535 1175 1618 9)
1198 1554 1264 1600 nou
1286 1533 1382 1618 plane
1403 1555 1459 1618 pa·
1510 1539 1511 1570 l

307 1648 406 1710 tento.
443 1645 525 1709 Rem
539 1645 717 1709 accuratius
733 1646 899 1729 sciremus,
916 1646 943 1710 si
957 1646 1173 1731 fragmentum
1188 1643 1304 1708 incerti
1319 1645 1457 1710 auctoris

307 1757 342 1821 U.
366 1756 406 1819 A.
429 1754 463 1820 II
484 1777 557 1841 pag.
576 1755 636 1820 185
652 1776 738 1838 seqq.
767 1756 802 1818 in
823 1756 985 1841 integrum
1006 1755 1190 1820 reStItutu-rn
1213 1757 1305 1818 esset.
1350 1754 1457 1818 Verba

307 1866 379 1947 βίου
407 1868 604 1950 perabluat,
632 1866 715 1929 sicut
736 1865 867 1930 nomina
888 1865 1062 1930 Metrodori
1090 1868 1122 1930 et
1144 1863 1333 1948 Carneadis,
1361 1886 1455 1948 quam

306 1976 491 2061 saepissime
520 1976 710 2044 invenimus.
754 1975 833 2060 P-ag.
859 1975 917 2041 187
941 1977 1092 2061 legrmtur
1113 1997 1192 2059 uno,
1221 1978 1258 2038 ut
1279 1976 1384 2058 ajunt,
1409 1979 1453 2038 te-

304 2108 398 2152 nore:
427 2087 647 2167 Μητρόδωροε
669 2089 705 2153 δὲ
727 2087 746 2152 ὁ
770 2086 995 2166 (τρατονικεὺε
1019 2088 1116 2167 μέγα(
1138 2088 1190 2152 καὶ
1212 2087 1270 2170 βίῳ
1292 2088 1344 2151 καὶ
1367 2087 1453 2169 λόγῳ

216 2251 218 2255 .
304 2199 450 2275 γεγονώς
472 2197 528 2281 (cf.
552 2195 701 2282 Spengel.
723 2195 882 2281 Philolog.
905 2197 927 2260 l.
951 2218 978 2261 0.
1001 2217 1073 2281 pag.
1087 2196 1174 2282 535).

388 2307 462 2372 Jam
497 2306 535 2370 de
562 2306 737 2371 Metrodori
771 2307 901 2391 ingenio
932 2307 1089 2390 explicare
1118 2306 1212 2370 nobis
1247 2307 1451 2391 pergentibus

305 2417 443 2482 occurrit
464 2417 554 2481 locus
570 2416 709 2482 Senecae
725 2417 816 2500 epist.
833 2416 908 2500 LII,
931 2418 1024 2500 unde,
1047 2418 1122 2500 quid
1145 2417 1183 2480 de
1206 2417 1363 2500 discipulo
1385 2417 1451 2500 ipse

300 2527 493 2612 judicaverit
506 2527 679 2610 Epicurus,
703 2527 863 2590 discimus.
893 2526 1020 2591 Dixisse
1034 2528 1224 2613 magistrum
1244 2527 1450 2611 philosophus

306 2636 421 2719 refert,
449 2636 602 2720 quosdam
624 2636 664 2699 ad
686 2636 852 2700 veritatem
876 2637 944 2702 sine
967 2638 1063 2702 ullius
1085 2638 1241 2722 adjutorio
1263 2637 1449 2702 contendere

305 2753 338 2810 et
359 2747 463 2810 facere
485 2746 547 2810 sibi
568 2746 656 2831 ipsos
678 2746 762 2810 viam
784 2747 983 2832 maximeque
1005 2748 1095 2811 illurn
1118 2747 1176 2811 hos
1199 2747 1357 2827 laudasse,
1386 2747 1448 2830 qai·

305 2856 364 2920 bus
399 2877 438 2920 ex
465 2877 498 2920 se
531 2857 670 2940 impetus
702 2857 813 2940 fuerit,
847 2856 901 2941 qui
929 2878 963 2922 se
990 2857 1052 2942 ipsi
1080 2859 1281 2941 protulerint.
1332 2857 1448 2933 Quibus

306 2965 410 3031 verbis
433 2965 625 3031 succedunt:
651 2966 832 3050 „quosdam
854 2967 999 3053 indigere
1024 2989 1084 3052 ope
1106 2967 1226 3052 aliena,
1253 2968 1446 3049 nocituros,

304 3077 449 3141 sinemo
470 3078 694 3161 praecesserit,
717 3079 773 3143 sed
794 3073 885 3144 bene
898 3081 1074 3143 secuturos:
1102 3099 1141 3142 ex
1163 3077 1214 3142 his
1236 3077 1447 3143 Metrodorum

305 3187 351 3250 ait
365 3207 451 3270 esse,
474 3187 639 3272 egregium
654 3187 716 3254 hoc
732 3211 872 3273 quoque,
897 3189 952 3253 sed
968 3187 1124 3253 secundae
1139 3189 1233 3252 sortis
1249 3188 1413 3273 ingenium
1420 3191 1445 3251 ‘t
1507 3267 1508 3288 ,

304 3295 413 3360 Tertii.
426 3296 555 3380 eoloris,
584 3299 635 3362 cui
656 3320 724 3364 non
747 3299 825 3364 duce
846 3303 973 3363 tantum
995 3319 1074 3384 opus
1097 3299 1153 3381 sit,
1177 3297 1233 3362 sed
1255 3298 1397 3382 adjutore
1418 3302 1446 3361 et

309 3445 346 3454 -
368 3411 526 3490 coactore,
549 3407 707 3492 Epicurus
731 3410 777 3474 ait
798 3409 1030 3475 Hermarchum
1052 3409 1215 3494 exemplar
1235 3409 1345 3474 fuisse.

388 3515 480 3593 Quod
502 3518 635 3602 Epicuri
657 3519 814 3604 judicium
835 3542 902 3586 non
925 3519 1122 3603 dubitamus,
1152 3520 1230 3602 quin
1254 3523 1377 3584 rectum
1398 3519 1444 3602 sit,

302 3628 506 3713 praesertim,
534 3650 606 3694 oum
635 3652 673 3694 ex
695 3631 752 3716 iis,
782 3653 863 3715 quae
891 3629 930 3694 de
959 3629 1141 3694 Metrodoro
1168 3629 1288 3694 tradita
1315 3633 1443 3710 exstant,

303 3736 387 3802 idem
408 3737 513 3804 facere
535 3739 638 3805 liceat.
684 3742 837 3806 Attamen
859 3762 931 3805 cum
952 3740 1014 3804 hoc
1036 3740 1183 3824 magistri
1201 3739 1322 3824 judicio
1345 3741 1383 3804 de
1404 3739 1443 3803 ili-

304 3847 427 3932 soipulo
456 3849 535 3916 illud
558 3849 749 3934 Metrodori,
778 3851 817 3915 de
837 3851 908 3936 ipso
928 3849 1083 3936 magistro
1106 3849 1242 3934 factum,
1270 3871 1443 3936 comparare

298 3957 404 4043 juvat,
435 3960 518 4043 quod
546 3960 630 4044 apud
659 3959 820 4026 Plutarch.
850 3960 920 4025 adv.
944 3960 1045 4026 Colot.
1072 3957 1196 4024 noar]
1224 3961 1395 4044 reperitur:
1421 3961 1443 4025 εἰ

302 4071 342 4149 μὴ
377 4071 639 4151 προκαθηγήεατο
668 4071 883 4152 Δημόκριτος,
920 4071 979 4137 οὐκ
1006 4071 1046 4136 ἂν
1074 4073 1237 4150 προῆλθεν
1265 4071 1442 4151 Ἐπίκουροε

369 4251 399 4316 ¹¹¹)
412 4245 453 4301 Of.
462 4247 622 4302 Philodemi
634 4248 669 4301 de
681 4245 760 4316 poesi
772 4263 836 4300 cum
845 4247 971 4317 principe
984 4246 1202 4316 discrepantiam
1214 4249 1272 4301 not.
1285 4248 1321 4301 ad
1331 4248 1441 4302 Metrod.

301 4332 402 4398 fragm.
414 4348 491 4385 num.
503 4331 602 4386 XXXI.
626 4331 668 4386 De
680 4329 810 4386 Lucretio
829 4332 865 4385 ab
877 4330 992 4400 Epicuri
1008 4330 1121 4398 placitis
1138 4329 1300 4386 discedente
1319 4333 1353 4386 cf.
1366 4331 1440 4387 Bind-

302 4414 361 4470 aeil.
380 4417 503 4482 quaesit.
519 4415 641 4470 Luerett.
660 4414 787 4470 Anolam.
808 4421 881 4472 1867.
1148 4437 1153 4446 ·
