3066 4914
756 341 966 407 ..48-

290 506 393 576 Laert.
411 509 487 594 X,5
510 532 581 575 cum
597 511 731 576 Oasaub.
747 512 830 597 not.)
855 515 887 575 et
909 511 1020 576 scribit
1041 513 1150 576 auctor
1171 511 1291 598 dialogi
1314 513 1353 576 de
1377 513 1449 576 cla-

289 623 332 685 ris
356 621 533 702 oratoribus
557 642 625 704 cap.
643 622 682 686 31
706 623 762 703 §9
785 625 817 686 et
839 620 889 686 his
911 622 1100 707 fragmentis
1123 622 1337 687 confirmatur.

827 789 893 846 vll.

130 999 133 1005 Ι
441 909 558 973 Athen.
583 909 726 993 deipnos.
750 908 824 992 VH,
846 910 910 974 280
924 910 963 974 A.
988 908 1061 993 XII,
1083 911 1146 976 546
1160 909 1198 975 F.

249 1077 252 1082 Α
375 1021 430 1084 Καὶ
453 1021 673 1100 Μητρόδωρος
700 1021 826 1098 ἐντοῖς
855 1020 1035 1087 ἐπιςτολαῑς
1057 1043 1132 1101 φηςι
1160 1023 1267 1105 ,Περὶ
1289 1023 1442 1102 γαςτέρα,

289 1131 513 1211 ῶφυςιολόγε
536 1132 742 1210 Τιμόκρατες,
769 1133 842 1210 περὶ
863 1132 999 1210 γαςτέρα
1026 1131 1045 1196 ὁ
1066 1132 1147 1196 κατὰ
1173 1133 1269 1212 φύειν
1298 1133 1441 1213 βαδίζων

290 1242 388 1316 λόγος
409 1242 468 1319 τὴν
490 1241 606 1306 ἅπαςιν
629 1242 694 1321 ἔχει
717 1240 895 1336 ςπουδήνίί.

818 1409 901 1466 VIII.
927 1431 934 1442 ·

328 1575 330 1581 -
442 1525 508 1592 Cic.
531 1527 570 1592 de
592 1531 659 1621 nat
681 1528 766 1592 deor.
789 1527 815 1610 Ι,
837 1529 889 1611 40,
914 1528 985 1593 113.

372 1639 512 1701 Accusat
527 1638 612 1701 enirn
628 1637 841 1702 Timocratem
856 1638 986 1702 fratrem
1003 1659 1094 1702 snum
1111 1637 1328 1721 Metrodorus,
1350 1639 1438 1722 quod

269 1747 426 1828 dubitet,
451 1748 571 1830 omnia,
594 1769 673 1832 quae
696 1734 735 1812 ad
749 1749 876 1812 beatam
898 1748 997 1812 vitam
1018 1747 1215 1832 pertineant,
1238 1751 1349 1812 ventre
1371 1769 1438 1812 me·

288 1857 357 1942 tiri,
379 1879 482 1941 neque
505 1857 538 1920 id
560 1858 658 1922 semel
680 1857 772 1942 dicit,
795 1858 850 1922 sed
873 1858 1009 1942 saepius.

373 2051 439 2118 Ofr.
468 2073 548 2136 quac
572 2053 640 2135 jam
667 2073 763 2135 supra
788 2053 992 2136 ‘exposuimus
1019 2052 1059 2116 de
1087 2074 1181 2117 causa
1209 2052 1436 2137 contentionis,

288 2184 367 2247 quae
389 2163 574 2226 Metrodoro
597 2184 671 2238 curn
691 2160 872 2227 Timocrate
893 2162 1083 2231 intercessit.
1127 2163 1214 2247 Tria,
1237 2184 1317 2246 quae
1338 2163 1436 2227 modo

288 2274 465 2356 attulimus,
489 2273 669 2358 fragmenta
691 2276 801 2357 aperte
823 2274 908 2338 inter
930 2295 963 2338 se
986 2271 1166 2337 cohaerent.
1210 2272 1285 2337 Non
1307 2275 1358 2337 est
1380 2272 1436 2337 bo·

287 2405 379 2466 num,
407 2383 471 2448 nisi
498 2383 550 2446 oui
576 2385 687 2448 venter
715 2383 757 2447 sit
784 2383 971 2447 substratus.
1015 2382 1166 2468 Corporis
1193 2384 1352 2447 motiones
1381 2405 1436 2446 νο-

287 2492 442 2576 luptariae
470 2493 573 2556 omnis
601 2493 729 2578 generis
758 2496 833 2583 sunt
859 2493 936 2557 boni
963 2493 1222 2575 frmdamentum,
1253 2514 1332 2576 quae
1359 2493 1437 2576 quid

288 2603 455 2666 conferant
481 2603 520 2666 ad
548 2602 792 2686 beatitudinem,
827 2602 961 2688 cogitari
987 2603 1099 2687 nequit
1125 2603 1189 2667 nisi
1216 2603 1305 2668 suavi
1337 2603 1435 2667 inter·

286 2713 392 2796 posita
407 2699 549 2795 corporis
572 2713 748 2777 affectione.
787 2713 890 2788 Quare
911 2734 977 2777 non
991 2713 1128 2798 legimus
1150 2713 1193 2777 in
1214 2733 1356 2796 corpore,
1380 2714 1435 2777 scd

288 2823 394 2887 circa
428 2843 543 2906 corpus
571 2821 706 2902 bonum,
741 2823 897 2887 referatur
924 2822 1023 2908 igitur
1049 2823 1214 2908 quodlibet
1245 2823 1366 2887 bonum
1395 2823 1434 2886 ad

287 2913 417 3016 corpus,
441 2932 534 2996 sicuti
557 2933 669 2996 scribit
682 2933 838 3014 Epicurus
860 2955 909 3014 ap.
925 2933 1043 3000 Athen.
1060 2934 1202 3017 deipnos.
1225 2931 1300 3015 VH,
1315 2932 1433 3016 280A3

287 3041 360 3124 XII,
376 3041 494 3107 man:
518 3042 599 3123 ἀρχὴ
613 3045 665 3108 καὶ
681 3044 750 3123 ῥίζα
771 3046 894 3111 παντὸς
916 3045 1039 3122 ἀγαθοῦ
1061 3048 1152 3126 ἡτῆς
1173 3044 1308 3123 γαςτρός
1329 3044 1433 3122 ἡδονή

286 3153 347 3218 κτὲ.
392 3150 442 3220 df.
468 3152 616 3237 fragmm.
644 3175 731 3218 num.
753 3152 918 3219 IX—-XII
932 3177 1018 3222 ‚cum
1046 3157 1170 3219 annott.
1213 3153 1303 3218 Idem
1330 3152 1364 3216 ll.
1389 3174 1431 3217 cc.

288 3265 320 3326 et
342 3262 425 3345 apud
447 3260 544 3346 Diog.
567 3262 669 3328 Laert.
693 3263 738 3348 X,
761 3264 796 3329 6:
826 3265 866 3332 οὐ
887 3268 949 3347 γὰρ
972 3268 1075 3344 ἔγωγε
1103 3265 1238 3346 δύναμαι
1266 3269 1380 3344 νοῆςαι
1400 3265 1432 3330 τ’

176 3401 179 3408 ⁴
286 3373 425 3456 ἀγαθὸν,
447 3373 598 3454 ἀφαιρῶν
620 3379 678 3453 μὲν
700 3377 758 3442 τὰς
779 3379 832 3448 διὰ
854 3381 963 3456 χυλῶν
985 3377 1122 3460 ἡδονὰς,
1152 3375 1301 3456 ἀφαιρῶν
1324 3377 1361 3440 δὲ
1383 3377 1433 3440 καὶ

287 3485 343 3549 τὰς
372 3485 412 3548 δι’
441 3482 655 3568 ἀφροδιςίων,
685 3483 856 3569 (ἀφαιρῶν
877 3489 942 3571 δὲ)
974 3489 1024 3552 καὶ
1051 3488 1108 3552 τὰς
1135 3487 1180 3551 δι’
1209 3485 1432 3568 ἀκροαμάτων,

288 3593 450 3678 (ἀφαιρῶν
474 3595 522 3679 δὲ)
545 3597 675 3661 καὶτὰς
697 3598 750 3662 διὰ
771 3601 899 3678 μορφῆς
921 3598 988 3662 κατ’
1009 3597 1089 3677 ὄψιν
1109 3597 1217 3675 ἡδείας
1238 3597 1384 3675 κινήςεις.

370 3703 447 3768 Non
468 3686 567 3768 sentit
587 3705 758 3790 magister,
779 3706 859 3770 tales
881 3706 1023 3790 corporis
1046 3706 1224 3789 voluptates
1247 3724 1316 3769 esse
1338 3705 1431 3788 solas,

285 3817 322 3878 ut
344 3813 456 3879 Cicero
478 3815 706 3898 interpretatur
729 3815 772 3880 de
789 3819 854 3881 nat.
879 3816 964 3881 deor.
987 3816 1012 3901 Ι,
1034 3817 1086 3899 40,
1111 3817 1187 3900 111‘3
1216 3815 1255 3880 de
1276 3814 1366 3879 finib.
1390 3813 1431 3896 Π,

285 3925 315 4008 3,
339 3926 373 4010 73
403 3924 543 3989 Tusculi.
567 3918 680 4009 Dispb.
704 3925 764 4010 ΙΙΙ,
788 3926 838 4011 18,
859 3927 910 3991 41.
933 3927 991 4011 42,
1021 3924 1076 3990 scd
1096 3925 1205 4009 potius
1228 3947 1261 3990 se
1284 3925 1431 4010 ignorare

285 4035 404 4099 fatetur
425 4034 559 4117 bonum,
587 4034 651 4098 nisi
674 4057 712 4100 ex
734 4037 905 4119 ejusmodi,
934 4036 1042 4120 quales
1065 4035 1192 4118 afferat,
1222 4035 1365 4120 corporis
1388 4035 1431 4098 af-

284 4145 477 4210 fectionibus
500 4145 668 4210 oriundum
690 4146 786 4230 idque
801 4166 873 4210 cum
888 4167 1021 4231 corpore
1036 4165 1161 4228 semper
1183 4146 1289 4229 aliqua
1309 4145 1430 4210 ratione

286 4255 468 4321 cohaerens,
513 4255 597 4330 Quas
625 4257 784 4321 motiones
806 4256 1001 4339 voluptarias
1030 4257 1057 4320 si
1078 4256 1149 4340 quis
1176 4256 1362 4320 abstulisset
1382 4256 1430 4320 vel

286 4367 489 4447 detraxisset,
511 4387 571 4431 nos
586 4389 653 4431 non
668 4365 833 4431 habituros
855 4387 923 4431 esse
939 4388 1066 4430 causam
1081 4365 1242 4430 nascentis
1257 4367 1428 4450 voluptatis
