3066 4914
773 367 962 429 -4-

379 535 499 601 Contra
526 533 646 600 Seneca
673 535 882 619 philosophus
909 556 1076 619 perperam
1102 535 1291 600 nonnemini
1319 534 1450 598 videtur

293 647 328 710 in
349 647 484 710 nimium
506 646 639 730 Epicuri
660 645 801 710 studium
824 645 979 729 delapsus
995 667 1079 729 esse,
1108 646 1225 730 quippe
1248 667 1320 710 cum
1343 646 1450 709 mani-

293 757 377 822 festa
394 756 509 840 judicii
531 756 697 821 sinceritas
721 755 776 842 (cf.
800 755 839 820 de
861 756 916 820 vit.
939 756 1021 820 beat.
1047 757 1101 843 13)
1126 778 1192 820 non
1215 757 1284 820 sine
1307 756 1449 820 consilio

294 868 470 934 omittatur.
507 866 702 950 Neutiquam
725 867 810 930 enim
830 866 1043 950 philosophus
1059 866 1234 950 Epicurum
1255 867 1450 931 temerarius

294 978 437 1044 defendit
464 977 503 1042 ab
532 977 808 1062 objurgationibus
837 976 1018 1041 Stoicorum
1045 981 1193 1061 recteque
1228 999 1283 1041 eos
1310 975 1450 1060 Epicuri

295 1091 485 1173 sectatores,
509 1087 564 1172 qui
578 1088 665 1152 vitiis
687 1087 786 1151 dediti
801 1087 958 1152 luxuriam
974 1109 1064 1152 suam
1084 1088 1118 1151 in
1133 1086 1356 1170 philosophiae
1372 1085 1450 1150 sinu

293 1199 507 1282 abscondant,
529 1198 569 1262 ab
592 1198 656 1262 illis
671 1197 856 1282 distinguit,
879 1198 934 1282 qui
952 1191 1332 1281 aestiment'voluptatem
1355 1197 1449 1260 illam

293 1309 442 1394 Epicuri,
466 1331 561 1392 quam
584 1307 690 1372 sobria
712 1310 745 1372 et
766 1308 850 1372 sicca
872 1307 915 1371 sit
937 1308 973 1393 (l.
998 1330 1025 1373 c.
1051 1309 1117 1394 12).
1149 1308 1200 1373 Cf.
1216 1307 1282 1372 Cic.
1299 1307 1338 1370 de
1353 1306 1447 1370 finib.

292 1420 323 1504 I,
347 1421 381 1500 7,
403 1420 455 1484 25.
499 1419 546 1482 At
573 1417 669 1482 etiam
692 1418 845 1483 Cicerone
869 1419 970 1482 multo
999 1419 1137 1483 severius
1160 1417 1281 1482 Seneca
1302 1416 1447 1500 Epicuro

293 1531 489 1611 adversatur,
513 1550 607 1612 quem
630 1529 707 1593 satis
731 1528 864 1614 dignum
879 1528 984 1612 habet,
1008 1528 1059 1593 cui
1080 1527 1291 1612 philosophus
1313 1527 1375 1591 rite
1398 1548 1447 1590 re-

168 1687 169 1690 ,
293 1639 459 1724 spondeat.
489 1637 708 1704 Metrodorum
720 1639 848 1723 quidem
865 1640 990 1724 saepius
1006 1661 1072 1703 non
1087 1640 1211 1702 minore
1226 1637 1326 1702 afficit
1340 1637 1446 1720 laude,
1505 1671 1506 1680 κ

294 1771 390 1833 quam
405 1749 608 1834 magistrum,
631 1769 861 1834 nonnunquam
877 1755 985 1814 tamen
1008 1749 1149 1833 ejusdem
1167 1748 1341 1812 sententias
1366 1748 1447 1811 acri-

292 1865 343 1924 ter
369 1859 488 1924 refellit
514 1861 548 1934 et
574 1860 615 1924 ad
638 1861 743 1926 vivum
770 1864 907 1940 resecat,
936 1861 1019 1926 sicut
1049 1860 1142 1944 epist.
1165 1858 1281 1940 XCIX.
1326 1858 1446 1922 Mirum

293 1971 393 2056 igitur
418 1969 519 2052 foret,
549 1971 633 2053 quod
662 1974 749 2035 aetas
770 1971 945 2055 posterior,
976 1971 1046 2034 dico
1071 1969 1278 2034 christianam
1290 1970 1320 2054 ¹³)
1326 2018 1336 2052 ,
1360 1969 1446 2052 judi-

294 2081 379 2146 cium
402 2078 556 2163 Senecae,
579 2102 673 2164 quem
696 2081 838 2166 alioquin
859 2081 1029 2165 permagni
1051 2080 1247 2163 aestimavit,
1273 2079 1445 2164 negligens

294 2191 430 2274 ineptire
457 2191 583 2275 maluit,
612 2212 707 2275 quam
729 2191 819 2255 illum
842 2192 946 2276 sequi,
975 2191 1039 2255 nisi
1059 2190 1112 2255 hic
1135 2212 1261 2274 quoque
1291 2191 1382 2273 quasi
1410 2191 1445 2254 in

294 2301 394 2364 altera
416 2301 516 2364 librae
538 2302 629 2366 lance
651 2301 843 2366 Plutarchus
865 2302 989 2386 positus
1011 2301 1134 2366 fuisset.

380 2393 443 2500 de
465 2409 544 2476 haec
566 2412 731 2476 hactenus,

783 2885 896 2980 Pars
926 2886 959 2980 Ι.

379 3094 598 3162 Metrodorum
620 3096 703 3180 apud
723 3095 905 3180 Diogenem
927 3097 967 3181 X,
984 3097 1025 3162 23
1047 3098 1184 3183 legimus
1207 3100 1329 3182 septem
1352 3099 1440 3161 annis

296 3210 370 3271 ante
389 3206 566 3290 Epicurum
588 3208 724 3270 mortem
747 3206 864 3270 obiisse
886 3207 980 3291 idque
1003 3211 1219 3288 asvrnrorrdv
1241 3209 1349 3289 τρίτον
1371 3210 1441 3274 ἔτος

200 3359 212 3390 v
295 3319 419 3394 ἄγοντα
442 3317 496 3398 (of.
518 3315 680 3381 Plutarch.
704 3317 766 3380 def.
790 3339 875 3381 orac.
898 3317 962 3381 420
976 3318 1031 3404 D).
1068 3318 1132 3383 Pro
1154 3319 1210 3382 illo
1233 3319 1335 3401 enim,
1359 3318 1440 3402 quod

296 3427 373 3491 olim
395 3427 575 3510 legebatur,
599 3427 738 3503 ἄγοντα(
754 3427 955 3491 scribendum
972 3451 1041 3493 esse
1056 3430 1192 3513 ἄγοντα,
1216 3427 1290 3493 inde
1314 3429 1353 3492 ab
1367 3429 1439 3492 Am-

295 3537 403 3600 brosio
418 3535 623 3601 Traversario
646 3540 780 3602 constat.
824 3537 876 3601 Ex
896 3537 1041 3624 Diogene
1063 3544 1170 3604 autem
1185 3539 1358 3622 Epicurum
1381 3539 1439 3602 duo

295 3652 327 3711 et
349 3647 554 3732 septuaginta
582 3669 683 3712 annos
704 3651 816 3712 natum
838 3646 887 3712 Ol.
912 3647 1079 3732 CXXVII,
1102 3651 1121 3714 3
1154 3650 1195 3735 (a.
1221 3649 1294 3714 Chr.
1317 3672 1349 3713 n.
1364 3649 1437 3732 270)

295 3757 467 3821 decessisse
483 3760 581 3842 patet.
611 3758 700 3844 Ergo
713 3758 914 3822 Metrodorus
930 3757 981 3823 Ol.
999 3758 1158 3844 CXXV,4
1173 3761 1216 3845 (a.
1230 3759 1305 3824 Chr.
1321 3782 1354 3824 n.
1365 3759 1437 3829 277)

295 3868 380 3931 diem
408 3868 489 3932 obiit
516 3890 718 3952 supremum,
752 3872 846 3933 natus
875 3870 925 3934 Ol.
949 3869 1055 3952 CXII,
1081 3871 1101 3934 3
1131 3873 1173 3951 (a.
1197 3869 1272 3934 Chr.
1293 3893 1326 3935 n.
1349 3870 1436 3955 330).

295 3977 397 4052 Quem
426 3982 531 4044 crtum
560 3979 644 4063 quod
672 3981 804 4064 attinet,
839 3980 933 4044 nobis
961 3979 1113 4062 quaestio·
1135 3980 1323 4064 attingenda
1350 3983 1438 4044 esta

295 4088 370 4152 viris
392 4088 511 4173 doctis,
540 4090 594 4174 qui
615 4090 813 4174 temporibus
836 4089 1051 4174 superioribus
1074 4089 1113 4153 de
1135 4089 1316 4154 Metrodoro
1339 4091 1437 4174 dispu-

306 4409 327 4463 L
353 4326 386 4465 ἒ)
409 4325 472 4382 Vid.
496 4327 632 4382 Gassendi
650 4328 811 4382 animadvv.
834 4327 863 4379 in
882 4325 962 4394 Diog.
980 4325 1073 4380 Laert.
1096 4327 1160 4381 libr.
1178 4327 1212 4382 X.
1236 4346 1263 4398 p.
1283 4334 1348 4383 1317
1365 4344 1436 4396 seqq.
1502 4357 1503 4396 1

295 4415 335 4480 (.
378 4414 489 4482 morer
1502 4411 1503 4456 l
