3066 4914
761 359 969 420 ,.22,.α

291 531 385 615 longe
408 530 549 612 asperior
572 532 723 613 appareat
744 527 927 612 discipulus
967 527 1112 612 (Praeter
1126 527 1190 594 Cio.
1214 528 1254 594 de
1268 533 1336 595 nat.
1353 531 1448 596 deor.

290 640 316 722 l,
338 641 390 722 40,
414 640 490 704 113:
512 638 735 722 „Metrodorus
758 659 846 721 vero,
869 638 924 722 qui
947 641 996 702 est
1017 637 1147 722 Epicuri
1171 639 1294 725 collega
1315 641 1447 724 sapien-

219 733 222 740 *
290 751 369 833 tiae,
406 749 506 813 multa
534 738 826 832 impudentiore
852 747 1035 812 recitabat“
1063 747 1103 813 cf.
1127 747 1262 816 Metrod.
1290 749 1444 836 fragmm.

291 883 379 924 num.
395 858 601 946 Vl-VIH.)
640 859 726 935 Quae
742 858 835 922 modo
858 858 997 922 breviter
1017 861 1142 922 tantum
1165 859 1274 946 attigi,
1298 882 1336 924 ea
1357 860 1445 945 ipso

291 993 376 1052 rum,
400 991 481 1053 quae
497 970 630 1054 collegi,
654 967 829 1033 Metrodori
845 967 1098 1053 fragmentorum
1114 970 1352 1052 comparatione
1369 967 1443 1036 cum

292 1081 386 1145 dictis
408 1079 541 1164 Epicuri
563 1079 710 1143 instituta
731 1078 858 1162 planius
885 1080 1060 1161 patescent.
1103 1078 1176 1144 Jam
1198 1101 1273 1144 vero
1297 1081 1322 1144 si
1339 1104 1441 1165 quae-

293 1190 407 1274 rimus,
436 1190 586 1274 quidnam
609 1189 648 1252 de
671 1187 834 1252 doctrinae
856 1187 1003 1272 discipuli
1032 1189 1298 1274 expositionibus,
1328 1195 1440 1276 utpote

293 1300 407 1384 quibus
430 1299 590 1364 interdum
613 1298 732 1362 inalia
754 1297 861 1362 omnia
884 1297 1066 1364 discessisse
1089 1299 1232 1365 videatur
1255 1301 1310 1383 (cf.
1329 1306 1437 1366 annot.

292 1410 331 1475 ad
359 1409 495 1474 Metrod.
525 1410 639 1493 fragm.
667 1429 753 1472 num.
777 1406 837 1492 V),
867 1408 1019 1494 magister
1043 1409 1248 1494 judicaverit,
1275 1414 1383 1476 utrum
1404 1413 1438 1490 ,ei

292 1520 481 1606 placuerint,
504 1541 543 1582 an
561 1516 734 1583 ceciderint
753 1517 787 1580 in
803 1517 1078 1604 vituperationem,
1101 1519 1134 1583 id
1148 1520 1316 1586 decernere
1330 1523 1437 1606 nequi·

292 1633 372 1695 mus.
405 1629 510 1705 Quale
533 1628 618 1692 enim
640 1628 737 1691 fuerit
758 1631 982 1712 argumentum
1005 1629 1080 1694 libri
1093 1629 1245 1714 Epicurei
1267 1633 1349 1712 πρὸ(
1372 1635 1436 1713 Μη-

292 1744 461 1822 τρόδωρον
490 1738 601 1822 scripti
631 1737 741 1822 (Dicg.
765 1735 868 1802 Laert.
892 1737 932 1820 X,
954 1739 1028 1824 28),
1056 1740 1224 1806 nescimus.
1269 1741 1316 1805 'At
1338 1746 1438 1808 aetate

292 1850 472 1916 Philodemi
496 1847 799 1913 circumferebantur
819 1848 950 1931 Epicuri
972 1849 1129 1930 ὑποθῆκαι
1151 1851 1194 1918 εἰ(
1218 1853 1438 1934 Μητρόδωρον

293 1963 549 2045 ἀναφερόμεναι,
587 1962 623 2049 ut
659 1959 809 2022 discimus
847 1981 885 2022 ex
920 1960 1035 2044 fragm.
1071 1959 1105 2025 0.
1140 1962 1179 2028 A.
1208 1961 1224 2024 I
1259 1983 1332 2048 pag.
1365 1965 1439 2030 152:

295 2123 381 2137 ......
406 2072 553 2152 ὑποψίαν
574 2073 646 2148 τινὰ
673 2068 880 2153 ἑ[ῗ]μβαίνειν
904 2071 949 2136 «bc
971 2073 1044 2150 περί
1065 2093 1163 2139 τινων
1192 2074 1369 2140 ἐπιετολῶν
1390 2078 1441 2140 καὶ

294 2188 348 2264 τῆ(
371 2182 457 2266 εἰ[Ῥ]ε
471 2181 644 2246 Πυθοκλέα
666 2181 738 2259 περὶ
759 2182 930 2260 μετεώρων
953 2183 1103 2262 ἐπιτομῆε
1124 2185 1174 2248 καὶ
1189 2188 1248 2248 τοὺ
1263 2185 1336 2263 περὶ
1358 2185 1439 2248 ἁ....

293 2297 345 2360 καὶ
364 2291 496 2365 τῶνείε
519 2291 741 2370 Μητρόδωρον
764 2291 1020 2372 ἀναφερομένων
1041 2291 1213 2372 ὑποθηκῶν
1233 2293 1347 2380 καδθ).
1382 2293 1440 2358 Re-

294 2405 371 2486 fert,
387 2406 422 2467 ut
433 2401 557 2466 videtur
570 2399 789 2484 Philodemus,
806 2401 846 2464 ab
859 2401 965 2484 aliquo
977 2401 1011 2465 in
1024 2402 1238 2485 suspicionem
1249 2407 1362 2468 vocata
1373 2427 1440 2469 esse

294 2513 443 2598 Epicuri,
468 2533 547 2595 quac
563 2513 743 2593 enumerat,
767 2511 902 2593 scripta,
926 2533 1060 2593 quorum
1075 2512 1253 2577 recensioni
1269 2514 1442 2580 succedunt

295 2623 405 2688 verba:
435 2622 577 2690 ἐξέλεξεν
600 2624 635 2686 δὲ
775 2619 910 2704 Reliqua
937 2622 1068 2705 desunt,
1097 2621 1213 2706 quibus
1241 2622 1325 2688 haud
1348 2625 1439 2689 dubie

297 2755 394 2818 opera
416 2733 455 2796 ab
477 2731 533 2794 illo
553 2730 660 2815 judice
684 2729 793 2795 critico
808 2752 866 2813 pro
890 2731 1038 2815 genuinis
1053 2730 1163 2797 habita
1185 2734 1438 2798 continebantur.

294 2844 390 2908 Nunc
413 2846 517 2906 autem
540 2839 635 2904 nobis
659 2840 907 2924 inquirentibus,
931 2842 1034 2925 qualis
1056 2842 1257 2908 Metrodorus
1279 2844 1313 2907 in
1336 2845 1439 2910 defen-

296 2953 399 3017 dendo
430 2951 588 3016 exstiterit
616 2950 786 3034 qualesque
816 2951 877 3014 sibi
898 2953 1102 3035 proposuerit
1128 2953 1325 3018 adversarios
1352 2955 1439 3019 libris

297 3060 548 3150 aggrediendos,
571 3060 734 3124 contentio
758 3083 829 3124 cum
853 3061 1033 3126 Timocrate
1056 3061 1153 3127 fratre
1176 3064 1315 3128 offertur.
1359 3063 1440 3128 Huic

297 3173 423 3258 quidem
439 3171 577 3256 primum
591 3169 724 3254 Epicuri
738 3170 975 3256 philosophiam
990 3172 1195 3256 amplectenti
1216 3173 1324 3259 (Diog.
1339 3174 1439 3238 Laert.

296 3283 336 3368 X,
359 3285 394 3348 6:
424 3284 561 3362 μαθητὴς
585 3283 620 3347 δὲ
642 3281 757 3366 αὐτοῦ)
781 3284 875 3365 atque
898 3281 1023 3368 assidue
1046 3281 1085 3346 ad
1107 3283 1282 3368 sapientiae
1304 3285 1440 3348 studium

297 3393 494 3458 incumbenti
528 3390 566 3456 de
599 3391 788 3475 quibusdam
821 3391 966 3477 magistri
993 3392 1119 3476 placitis
1148 3395 1288 3477 scrupuli
1317 3395 1440 3479 injicie-

296 3505 421 3568 bantur.
467 3501 528 3578 Qui
551 3502 659 3585 quales
682 3501 818 3586 fuerint,
845 3501 906 3566 tibi
929 3523 967 3566 ex
989 3502 1166 3566 Metrodori
1187 3502 1377 3589 fragmentis
1404 3503 1440 3568 ad

296 3613 379 3678 hauc
402 3612 651 3678 controversiam
675 3612 893 3694 spectantibus
916 3612 1067 3698 colligere
1089 3612 1175 3677 licet.
1210 3612 1376 3678 Nonnulla
1396 3617 1440 3679 ta-

297 3747 372 3788 men
399 3725 529 3807 propter
557 3722 711 3787 orationis
739 3723 984 3806 perpetuitatem
1015 3721 1067 3787 hio
1094 3744 1327 3807 praeoccupare
1355 3725 1438 3790 libet.

299 3833 517 3898 Dissentiebat
545 3833 668 3896 scilicet
689 3833 886 3898 Timocrates
907 3832 946 3898 de
970 3853 1064 3897 causa
1085 3834 1290 3915 εὐδαιμονία(
1313 3857 1439 3900 nasccn-

298 3944 348 4008 tis.
392 3942 552 4008 Nimirum
574 3942 732 4027 Epicurus
755 3965 942 4026 quemquam
964 3963 1059 4025 posse
1087 3943 1207 4008 malurn
1228 3948 1312 4010 recte
1334 3945 1440 4031 fugere

366 4149 387 4214 ⁰)
406 4146 537 4215 Spengel.
554 4145 692 4214 Philolog.
708 4146 726 4198 l.
745 4163 768 4199 c.
784 4163 849 4215 pag.
868 4147 945 4214 534l5
964 4145 1015 4200 ait:
1040 4146 1122 4211 „eine
1139 4146 1186 4199 fiir
1203 4147 1248 4202 die
1267 4148 1369 4202 echteu
1387 4149 1441 4203 und

298 4231 529 4300 angezweifclten
542 4229 681 4286 Schriften
693 4227 811 4299 Epicure
828 4230 907 4284 nicht
924 4230 1094 4299 unwichtige
1108 4230 1227 4286 scallor.
1257 4229 1342 4286 Modo
1361 4235 1442 4302 caput

298 4315 354 4369 loci
366 4316 439 4369 essct
451 4317 607 4369 serratum!
633 4314 704 4368 Prae
718 4314 818 4369 ceteris
837 4315 961 4367 notanda
979 4314 1099 4382 suspicio
1118 4315 1153 4368 de
1173 4315 1295 4384 epitome
1315 4321 1379 4385 περὶ
1398 4336 1440 4384 με-

298 4401 418 4466 τεώρων
436 4399 522 4452 missa
540 4400 576 4452 ad
594 4397 769 4466 Pythoclem,
789 4415 861 4464 quae
881 4399 973 4452 exstat
990 4399 1070 4466 Diog.
1088 4397 1181 4452 Laert.
1200 4400 1233 4465 X,
1252 4407 1284 4455 84
1303 4412 1409 4471 μοίρῃ
1426 4419 1440 4471 j
